{
  "state": 0,
  "message": "查询成功",
  "pageCount": 1,
  "countNum": 0,
  "Tflag": 0,
  "api": "http://www.cwl.gov.cn/cwl_admin/kjxx/findDrawNotice?name=ssq&issueCount=100",
  "result": [
    {
      "name": "双色球",
      "code": "2019133",
      "detailsLink": "/c/2019-11-19/460300.shtml",
      "videoLink": "/c/2019-11-19/460299.shtml",
      "date": "2019-11-19(二)",
      "week": "二",
      "red": "03,07,16,21,24,31",
      "blue": "07",
      "blue2": "",
      "sales": "412973230",
      "poolmoney": "997265432",
      "content": "辽宁1注,上海1注,江苏1注,山东2注,湖南2注,贵州1注,宁夏1注,深圳1注,共10注。其中一等奖特别奖为：上海1注,江苏1注,山东2注,湖南1注,贵州1注；一等奖普惠奖为：辽宁1注,湖南1注,宁夏1注,深圳1注。",
      "addmoney": "",
      "addmoney2": "",
      "zj1": "6",
      "mj1": "5000000",
      "zj6": "5556294",
      "mj6": "5",
      "msg": "下期一等奖特别奖派奖金额：30000000元。\n下期一等奖普惠奖派奖金额：5000000元。\n下期六等奖翻番奖奖金余额：337862280元。",
      "z2add": "",
      "m2add": "",
      "prizegrades": [
        { "type": 1, "typenum": "10", "typemoney": "7387274" },
        { "type": 2, "typenum": "163", "typemoney": "183073" },
        { "type": 3, "typenum": "1450", "typemoney": "3000" },
        { "type": 4, "typenum": "75438", "typemoney": "200" },
        { "type": 5, "typenum": "1347562", "typemoney": "10" },
        { "type": 6, "typenum": "10015984", "typemoney": "5" },
        { "type": 7, "typenum": "", "typemoney": "" }
      ]
    },
    {
      "name": "双色球",
      "code": "2019132",
      "detailsLink": "/c/2019-11-17/460290.shtml",
      "videoLink": "/c/2019-11-17/460289.shtml",
      "date": "2019-11-17(日)",
      "week": "日",
      "red": "04,06,11,14,19,33",
      "blue": "07",
      "blue2": "",
      "sales": "443878462",
      "poolmoney": "981615374",
      "content": "北京1注,浙江1注,江西2注,广东2注,四川1注,共7注。其中一等奖特别奖为：北京1注,浙江1注,江西2注,广东2注,四川1注。",
      "addmoney": "",
      "addmoney2": "",
      "zj1": "7",
      "mj1": "4285714",
      "zj6": "7591126",
      "mj6": "5",
      "msg": "下期一等奖特别奖派奖金额：30000000元。\n下期一等奖普惠奖派奖金额：10000000元。\n下期六等奖翻番奖奖金余额：365643750元。",
      "z2add": "",
      "m2add": "",
      "prizegrades": [
        { "type": 1, "typenum": "7", "typemoney": "8159750" },
        { "type": 2, "typenum": "141", "typemoney": "196083" },
        { "type": 3, "typenum": "1697", "typemoney": "3000" },
        { "type": 4, "typenum": "90323", "typemoney": "200" },
        { "type": 5, "typenum": "1695603", "typemoney": "10" },
        { "type": 6, "typenum": "13359513", "typemoney": "5" },
        { "type": 7, "typenum": "", "typemoney": "" }
      ]
    },
    {
      "name": "双色球",
      "code": "2019131",
      "detailsLink": "/c/2019-11-14/460177.shtml",
      "videoLink": "/c/2019-11-14/460176.shtml",
      "date": "2019-11-14(四)",
      "week": "四",
      "red": "09,17,19,20,24,31",
      "blue": "04",
      "blue2": "",
      "sales": "413548024",
      "poolmoney": "955790186",
      "content": "浙江1注,福建1注,江西1注,河南4注,湖北1注,湖南1注,广东2注,新疆1注,共12注。其中一等奖特别奖为：福建1注,江西1注,河南3注,湖北1注,湖南1注,广东1注；一等奖普惠奖为：浙江1注,河南1注,广东1注,新疆1注。",
      "addmoney": "",
      "addmoney2": "",
      "zj1": "8",
      "mj1": "3750000",
      "zj6": "6499869",
      "mj6": "5",
      "msg": "下期一等奖特别奖派奖金额：30000000元。\n下期一等奖普惠奖派奖金额：5000000元。\n下期六等奖翻番奖奖金余额：403599380元。",
      "z2add": "",
      "m2add": "",
      "prizegrades": [
        { "type": 1, "typenum": "12", "typemoney": "6956355" },
        { "type": 2, "typenum": "195", "typemoney": "150488" },
        { "type": 3, "typenum": "1396", "typemoney": "3000" },
        { "type": 4, "typenum": "71263", "typemoney": "200" },
        { "type": 5, "typenum": "1344951", "typemoney": "10" },
        { "type": 6, "typenum": "10673415", "typemoney": "5" },
        { "type": 7, "typenum": "", "typemoney": "" }
      ]
    },
    {
      "name": "双色球",
      "code": "2019130",
      "detailsLink": "/c/2019-11-12/460067.shtml",
      "videoLink": "/c/2019-11-12/460066.shtml",
      "date": "2019-11-12(二)",
      "week": "二",
      "red": "01,07,09,11,24,32",
      "blue": "16",
      "blue2": "",
      "sales": "418172282",
      "poolmoney": "951230446",
      "content": "河北2注,内蒙古1注,江西5注,河南1注,湖南1注,四川5注,共15注。其中一等奖特别奖为：河北2注,内蒙古1注,江西5注,四川4注；一等奖普惠奖为：河南1注,湖南1注,四川1注。",
      "addmoney": "",
      "addmoney2": "",
      "zj1": "12",
      "mj1": "2500000",
      "zj6": "5035845",
      "mj6": "5",
      "msg": "下期一等奖特别奖派奖金额：30000000元。\n下期一等奖普惠奖派奖金额：5000000元。\n下期六等奖翻番奖奖金余额：436098725元。",
      "z2add": "",
      "m2add": "",
      "prizegrades": [
        { "type": 1, "typenum": "15", "typemoney": "6791765" },
        { "type": 2, "typenum": "151", "typemoney": "222487" },
        { "type": 3, "typenum": "1080", "typemoney": "3000" },
        { "type": 4, "typenum": "60180", "typemoney": "200" },
        { "type": 5, "typenum": "1227522", "typemoney": "10" },
        { "type": 6, "typenum": "8594161", "typemoney": "5" },
        { "type": 7, "typenum": "", "typemoney": "" }
      ]
    },
    {
      "name": "双色球",
      "code": "2019129",
      "detailsLink": "/c/2019-11-10/459957.shtml",
      "videoLink": "/c/2019-11-10/459956.shtml",
      "date": "2019-11-10(日)",
      "week": "日",
      "red": "03,04,07,09,15,26",
      "blue": "07",
      "blue2": "",
      "sales": "442669038",
      "poolmoney": "952320130",
      "content": "北京6注,河北1注,辽宁1注,上海3注,浙江4注,山东2注,四川1注,贵州1注,陕西1注,共20注。其中一等奖特别奖为：北京1注,河北1注,山东2注,四川1注,陕西1注；一等奖普惠奖为：北京5注,辽宁1注,上海3注,浙江4注,贵州1注。",
      "addmoney": "",
      "addmoney2": "",
      "zj1": "6",
      "mj1": "5000000",
      "zj6": "7744410",
      "mj6": "5",
      "msg": "下期一等奖特别奖派奖金额：30000000元。\n下期一等奖普惠奖派奖金额：5000000元。\n下期六等奖翻番奖奖金余额：461277950元。",
      "z2add": "",
      "m2add": "",
      "prizegrades": [
        { "type": 1, "typenum": "20", "typemoney": "5800136" },
        { "type": 2, "typenum": "360", "typemoney": "55565" },
        { "type": 3, "typenum": "3662", "typemoney": "3000" },
        { "type": 4, "typenum": "160129", "typemoney": "200" },
        { "type": 5, "typenum": "2497318", "typemoney": "10" },
        { "type": 6, "typenum": "13781839", "typemoney": "5" },
        { "type": 7, "typenum": "", "typemoney": "" }
      ]
    },
    {
      "name": "双色球",
      "code": "2019128",
      "detailsLink": "/c/2019-11-07/459846.shtml",
      "videoLink": "/c/2019-11-07/459845.shtml",
      "date": "2019-11-07(四)",
      "week": "四",
      "red": "03,08,12,16,17,19",
      "blue": "08",
      "blue2": "",
      "sales": "342336168",
      "poolmoney": "1008312621",
      "content": "北京1注,内蒙古1注,福建1注,江西1注,湖北1注,甘肃1注,新疆3注,共9注。",
      "addmoney": "",
      "addmoney2": "",
      "msg": "下期一等奖特别奖派奖金额：30000000元。\n下期一等奖普惠奖派奖金额：5000000元。\n下期六等奖翻番奖奖金余额：500000000元。",
      "z2add": "",
      "m2add": "",
      "prizegrades": [
        { "type": 1, "typenum": "9", "typemoney": "6051317" },
        { "type": 2, "typenum": "118", "typemoney": "100231" },
        { "type": 3, "typenum": "2428", "typemoney": "3000" },
        { "type": 4, "typenum": "114474", "typemoney": "200" },
        { "type": 5, "typenum": "1818896", "typemoney": "10" },
        { "type": 6, "typenum": "14413535", "typemoney": "5" },
        { "type": 7, "typenum": "", "typemoney": "" }
      ]
    },
    {
      "name": "双色球",
      "code": "2019127",
      "detailsLink": "/c/2019-11-05/459834.shtml",
      "videoLink": "/c/2019-11-05/459833.shtml",
      "date": "2019-11-05(二)",
      "week": "二",
      "red": "02,06,07,12,17,24",
      "blue": "10",
      "blue2": "",
      "sales": "338393664",
      "poolmoney": "1027292513",
      "content": "河北1注,江苏1注,江西1注,山东2注,重庆1注,河南1注,湖北2注,广西3注,四川1注,云南1注,深圳1注,共15注。",
      "addmoney": "",
      "addmoney2": "",
      "msg": "",
      "z2add": "",
      "m2add": "",
      "prizegrades": [
        { "type": 1, "typenum": "15", "typemoney": "5970153" },
        { "type": 2, "typenum": "227", "typemoney": "80133" },
        { "type": 3, "typenum": "2109", "typemoney": "3000" },
        { "type": 4, "typenum": "91352", "typemoney": "200" },
        { "type": 5, "typenum": "1481099", "typemoney": "10" },
        { "type": 6, "typenum": "10728601", "typemoney": "5" },
        { "type": 7, "typenum": "", "typemoney": "" }
      ]
    },
    {
      "name": "双色球",
      "code": "2019126",
      "detailsLink": "/c/2019-11-03/459624.shtml",
      "videoLink": "/c/2019-11-03/459623.shtml",
      "date": "2019-11-03(日)",
      "week": "日",
      "red": "02,14,17,29,32,33",
      "blue": "16",
      "blue2": "",
      "sales": "369776508",
      "poolmoney": "1062273688",
      "content": "河北1注,黑龙江1注,上海1注,山东1注,湖北1注,广东1注,云南1注,甘肃1注,共8注。",
      "addmoney": "",
      "addmoney2": "",
      "msg": "",
      "z2add": "",
      "m2add": "",
      "prizegrades": [
        { "type": 1, "typenum": "8", "typemoney": "7151842" },
        { "type": 2, "typenum": "81", "typemoney": "265659" },
        { "type": 3, "typenum": "1124", "typemoney": "3000" },
        { "type": 4, "typenum": "57550", "typemoney": "200" },
        { "type": 5, "typenum": "1089822", "typemoney": "10" },
        { "type": 6, "typenum": "13867310", "typemoney": "5" },
        { "type": 7, "typenum": "", "typemoney": "" }
      ]
    },
    {
      "name": "双色球",
      "code": "2019125",
      "detailsLink": "/c/2019-10-31/459611.shtml",
      "videoLink": "/c/2019-10-31/459610.shtml",
      "date": "2019-10-31(四)",
      "week": "四",
      "red": "02,11,12,26,27,29",
      "blue": "03",
      "blue2": "",
      "sales": "342491160",
      "poolmoney": "1054933143",
      "content": "河北1注,浙江5注,广东1注,四川1注,共8注。",
      "addmoney": "",
      "addmoney2": "",
      "msg": "",
      "z2add": "",
      "m2add": "",
      "prizegrades": [
        { "type": 1, "typenum": "8", "typemoney": "7374072" },
        { "type": 2, "typenum": "253", "typemoney": "93836" },
        { "type": 3, "typenum": "1489", "typemoney": "3000" },
        { "type": 4, "typenum": "71139", "typemoney": "200" },
        { "type": 5, "typenum": "1302739", "typemoney": "10" },
        { "type": 6, "typenum": "8227113", "typemoney": "5" },
        { "type": 7, "typenum": "", "typemoney": "" }
      ]
    },
    {
      "name": "双色球",
      "code": "2019124",
      "detailsLink": "/c/2019-10-29/459501.shtml",
      "videoLink": "/c/2019-10-29/459500.shtml",
      "date": "2019-10-29(二)",
      "week": "二",
      "red": "04,09,30,31,32,33",
      "blue": "01",
      "blue2": "",
      "sales": "337939626",
      "poolmoney": "1042703541",
      "content": "北京1注,天津1注,河北1注,福建2注,山东4注,河南1注,湖北1注,陕西2注,甘肃1注,共14注。",
      "addmoney": "",
      "addmoney2": "",
      "msg": "",
      "z2add": "",
      "m2add": "",
      "prizegrades": [
        { "type": 1, "typenum": "14", "typemoney": "6175971" },
        { "type": 2, "typenum": "153", "typemoney": "134506" },
        { "type": 3, "typenum": "2106", "typemoney": "3000" },
        { "type": 4, "typenum": "70799", "typemoney": "200" },
        { "type": 5, "typenum": "1082853", "typemoney": "10" },
        { "type": 6, "typenum": "10393216", "typemoney": "5" },
        { "type": 7, "typenum": "", "typemoney": "" }
      ]
    },
    {
      "name": "双色球",
      "code": "2019123",
      "detailsLink": "/c/2019-10-27/459392.shtml",
      "videoLink": "/c/2019-10-27/459391.shtml",
      "date": "2019-10-27(日)",
      "week": "日",
      "red": "02,06,08,17,28,30",
      "blue": "06",
      "blue2": "",
      "sales": "360609038",
      "poolmoney": "1067428638",
      "content": "山西3注,福建1注,江西1注,重庆1注,河南2注,湖北1注,广东3注,广西4注,四川1注,云南1注,宁夏1注,共19注。",
      "addmoney": "",
      "addmoney2": "",
      "msg": "",
      "z2add": "",
      "m2add": "",
      "prizegrades": [
        { "type": 1, "typenum": "19", "typemoney": "5596004" },
        { "type": 2, "typenum": "366", "typemoney": "38675" },
        { "type": 3, "typenum": "3291", "typemoney": "3000" },
        { "type": 4, "typenum": "126658", "typemoney": "200" },
        { "type": 5, "typenum": "1920703", "typemoney": "10" },
        { "type": 6, "typenum": "13133272", "typemoney": "5" },
        { "type": 7, "typenum": "", "typemoney": "" }
      ]
    },
    {
      "name": "双色球",
      "code": "2019122",
      "detailsLink": "/c/2019-10-24/459279.shtml",
      "videoLink": "/c/2019-10-24/459278.shtml",
      "date": "2019-10-24(四)",
      "week": "四",
      "red": "04,10,15,19,21,23",
      "blue": "02",
      "blue2": "",
      "sales": "334989390",
      "poolmoney": "1131287397",
      "content": "河北1注,浙江1注,山东1注,湖北1注,共4注。",
      "addmoney": "",
      "addmoney2": "",
      "msg": "",
      "z2add": "",
      "m2add": "",
      "prizegrades": [
        { "type": 1, "typenum": "4", "typemoney": "10000000" },
        { "type": 2, "typenum": "117", "typemoney": "226282" },
        { "type": 3, "typenum": "831", "typemoney": "3000" },
        { "type": 4, "typenum": "52327", "typemoney": "200" },
        { "type": 5, "typenum": "1040569", "typemoney": "10" },
        { "type": 6, "typenum": "6976072", "typemoney": "5" },
        { "type": 7, "typenum": "", "typemoney": "" }
      ]
    },
    {
      "name": "双色球",
      "code": "2019121",
      "detailsLink": "/c/2019-10-22/459169.shtml",
      "videoLink": "/c/2019-10-22/459168.shtml",
      "date": "2019-10-22(二)",
      "week": "二",
      "red": "02,06,15,21,30,31",
      "blue": "02",
      "blue2": "",
      "sales": "334748934",
      "poolmoney": "1091862134",
      "content": "河北5注,浙江1注,安徽1注,山东1注,湖南1注,四川5注,新疆1注,共15注。",
      "addmoney": "",
      "addmoney2": "",
      "msg": "",
      "z2add": "",
      "m2add": "",
      "prizegrades": [
        { "type": 1, "typenum": "15", "typemoney": "6185649" },
        { "type": 2, "typenum": "138", "typemoney": "161093" },
        { "type": 3, "typenum": "1582", "typemoney": "3000" },
        { "type": 4, "typenum": "72235", "typemoney": "200" },
        { "type": 5, "typenum": "1298470", "typemoney": "10" },
        { "type": 6, "typenum": "8585111", "typemoney": "5" },
        { "type": 7, "typenum": "", "typemoney": "" }
      ]
    },
    {
      "name": "双色球",
      "code": "2019120",
      "detailsLink": "/c/2019-10-20/459159.shtml",
      "videoLink": "/c/2019-10-20/459158.shtml",
      "date": "2019-10-20(日)",
      "week": "日",
      "red": "10,12,27,31,32,33",
      "blue": "03",
      "blue2": "",
      "sales": "361613906",
      "poolmoney": "1117954087",
      "content": "浙江1注,福建1注,山东1注,重庆1注,青海1注,共5注。",
      "addmoney": "",
      "addmoney2": "",
      "msg": "",
      "z2add": "",
      "m2add": "",
      "prizegrades": [
        { "type": 1, "typenum": "5", "typemoney": "8898140" },
        { "type": 2, "typenum": "85", "typemoney": "286627" },
        { "type": 3, "typenum": "1114", "typemoney": "3000" },
        { "type": 4, "typenum": "58909", "typemoney": "200" },
        { "type": 5, "typenum": "1156426", "typemoney": "10" },
        { "type": 6, "typenum": "10609848", "typemoney": "5" },
        { "type": 7, "typenum": "", "typemoney": "" }
      ]
    },
    {
      "name": "双色球",
      "code": "2019119",
      "detailsLink": "/c/2019-10-17/459046.shtml",
      "videoLink": "/c/2019-10-17/459045.shtml",
      "date": "2019-10-17(四)",
      "week": "四",
      "red": "04,20,22,24,26,33",
      "blue": "07",
      "blue2": "",
      "sales": "332545590",
      "poolmoney": "1089354655",
      "content": "江苏2注,安徽1注,四川5注,甘肃1注,共9注。",
      "addmoney": "",
      "addmoney2": "",
      "msg": "",
      "z2add": "",
      "m2add": "",
      "prizegrades": [
        { "type": 1, "typenum": "9", "typemoney": "6158337" },
        { "type": 2, "typenum": "73", "typemoney": "178510" },
        { "type": 3, "typenum": "1483", "typemoney": "3000" },
        { "type": 4, "typenum": "75387", "typemoney": "200" },
        { "type": 5, "typenum": "1309437", "typemoney": "10" },
        { "type": 6, "typenum": "15640278", "typemoney": "5" },
        { "type": 7, "typenum": "", "typemoney": "" }
      ]
    },
    {
      "name": "双色球",
      "code": "2019118",
      "detailsLink": "/c/2019-10-15/458936.shtml",
      "videoLink": "/c/2019-10-15/458935.shtml",
      "date": "2019-10-15(二)",
      "week": "二",
      "red": "12,14,15,25,28,31",
      "blue": "04",
      "blue2": "",
      "sales": "329400746",
      "poolmoney": "1105685807",
      "content": "天津1注,山西1注,黑龙江1注,上海1注,浙江1注,湖北1注,共6注。",
      "addmoney": "",
      "addmoney2": "",
      "msg": "",
      "z2add": "",
      "m2add": "",
      "prizegrades": [
        { "type": 1, "typenum": "6", "typemoney": "8013754" },
        { "type": 2, "typenum": "142", "typemoney": "159177" },
        { "type": 3, "typenum": "1153", "typemoney": "3000" },
        { "type": 4, "typenum": "59723", "typemoney": "200" },
        { "type": 5, "typenum": "1208835", "typemoney": "10" },
        { "type": 6, "typenum": "8700354", "typemoney": "5" },
        { "type": 7, "typenum": "", "typemoney": "" }
      ]
    },
    {
      "name": "双色球",
      "code": "2019117",
      "detailsLink": "/c/2019-10-13/458926.shtml",
      "videoLink": "/c/2019-10-13/458925.shtml",
      "date": "2019-10-13(日)",
      "week": "日",
      "red": "03,05,11,28,32,33",
      "blue": "01",
      "blue2": "",
      "sales": "358734764",
      "poolmoney": "1085958852",
      "content": "北京1注,福建1注,广东1注,四川1注,陕西1注,共5注。",
      "addmoney": "",
      "addmoney2": "",
      "msg": "",
      "z2add": "",
      "m2add": "",
      "prizegrades": [
        { "type": 1, "typenum": "5", "typemoney": "9637937" },
        { "type": 2, "typenum": "135", "typemoney": "214719" },
        { "type": 3, "typenum": "1157", "typemoney": "3000" },
        { "type": 4, "typenum": "57662", "typemoney": "200" },
        { "type": 5, "typenum": "1181271", "typemoney": "10" },
        { "type": 6, "typenum": "6603095", "typemoney": "5" },
        { "type": 7, "typenum": "", "typemoney": "" }
      ]
    },
    {
      "name": "双色球",
      "code": "2019116",
      "detailsLink": "/c/2019-10-10/458713.shtml",
      "videoLink": "/c/2019-10-10/458712.shtml",
      "date": "2019-10-10(四)",
      "week": "四",
      "red": "01,08,09,13,16,33",
      "blue": "01",
      "blue2": "",
      "sales": "336502106",
      "poolmoney": "1047187205",
      "content": "辽宁1注,江苏1注,重庆1注,河南1注,四川1注,云南1注,深圳1注,共7注。",
      "addmoney": "",
      "addmoney2": "",
      "msg": "",
      "z2add": "",
      "m2add": "",
      "prizegrades": [
        { "type": 1, "typenum": "7", "typemoney": "8062689" },
        { "type": 2, "typenum": "146", "typemoney": "183551" },
        { "type": 3, "typenum": "1078", "typemoney": "3000" },
        { "type": 4, "typenum": "61337", "typemoney": "200" },
        { "type": 5, "typenum": "1214933", "typemoney": "10" },
        { "type": 6, "typenum": "6008232", "typemoney": "5" },
        { "type": 7, "typenum": "", "typemoney": "" }
      ]
    },
    {
      "name": "双色球",
      "code": "2019115",
      "detailsLink": "/c/2019-10-08/458603.shtml",
      "videoLink": "/c/2019-10-08/458602.shtml",
      "date": "2019-10-08(二)",
      "week": "二",
      "red": "04,10,11,14,15,29",
      "blue": "05",
      "blue2": "",
      "sales": "354033692",
      "poolmoney": "1023230427",
      "content": "北京1注,河北1注,辽宁1注,上海1注,山东1注,重庆1注,湖北1注,陕西1注,共8注。",
      "addmoney": "",
      "addmoney2": "",
      "msg": "",
      "z2add": "",
      "m2add": "",
      "prizegrades": [
        { "type": 1, "typenum": "8", "typemoney": "7126357" },
        { "type": 2, "typenum": "137", "typemoney": "155208" },
        { "type": 3, "typenum": "1901", "typemoney": "3000" },
        { "type": 4, "typenum": "92825", "typemoney": "200" },
        { "type": 5, "typenum": "1513619", "typemoney": "10" },
        { "type": 6, "typenum": "9803606", "typemoney": "5" },
        { "type": 7, "typenum": "", "typemoney": "" }
      ]
    },
    {
      "name": "双色球",
      "code": "2019114",
      "detailsLink": "/c/2019-09-29/458493.shtml",
      "videoLink": "/c/2019-09-29/458492.shtml",
      "date": "2019-09-29(日)",
      "week": "日",
      "red": "02,04,09,11,12,30",
      "blue": "01",
      "blue2": "",
      "sales": "372847052",
      "poolmoney": "1016450569",
      "content": "江苏2注,湖南1注,云南1注,共4注。",
      "addmoney": "",
      "addmoney2": "",
      "msg": "",
      "z2add": "",
      "m2add": "",
      "prizegrades": [
        { "type": 1, "typenum": "4", "typemoney": "10000000" },
        { "type": 2, "typenum": "180", "typemoney": "167444" },
        { "type": 3, "typenum": "916", "typemoney": "3000" },
        { "type": 4, "typenum": "66818", "typemoney": "200" },
        { "type": 5, "typenum": "1456010", "typemoney": "10" },
        { "type": 6, "typenum": "6292602", "typemoney": "5" },
        { "type": 7, "typenum": "", "typemoney": "" }
      ]
    },
    {
      "name": "双色球",
      "code": "2019113",
      "detailsLink": "/c/2019-09-26/458380.shtml",
      "videoLink": "/c/2019-09-26/458379.shtml",
      "date": "2019-09-26(四)",
      "week": "四",
      "red": "01,05,19,21,25,33",
      "blue": "15",
      "blue2": "",
      "sales": "339648916",
      "poolmoney": "966030310",
      "content": "浙江2注,河南1注,广东1注,四川1注,共5注。",
      "addmoney": "",
      "addmoney2": "",
      "msg": "",
      "z2add": "",
      "m2add": "",
      "prizegrades": [
        { "type": 1, "typenum": "5", "typemoney": "8717723" },
        { "type": 2, "typenum": "118", "typemoney": "196913" },
        { "type": 3, "typenum": "1088", "typemoney": "3000" },
        { "type": 4, "typenum": "57216", "typemoney": "200" },
        { "type": 5, "typenum": "1141952", "typemoney": "10" },
        { "type": 6, "typenum": "9471632", "typemoney": "5" },
        { "type": 7, "typenum": "", "typemoney": "" }
      ]
    },
    {
      "name": "双色球",
      "code": "2019112",
      "detailsLink": "/c/2019-09-24/458270.shtml",
      "videoLink": "/c/2019-09-24/458269.shtml",
      "date": "2019-09-24(二)",
      "week": "二",
      "red": "03,12,14,17,23,27",
      "blue": "01",
      "blue2": "",
      "sales": "335430712",
      "poolmoney": "939911612",
      "content": "吉林1注,江苏2注,山东1注,广东1注,新疆1注,共6注。",
      "addmoney": "",
      "addmoney2": "",
      "msg": "",
      "z2add": "",
      "m2add": "",
      "prizegrades": [
        { "type": 1, "typenum": "6", "typemoney": "8762335" },
        { "type": 2, "typenum": "173", "typemoney": "163107" },
        { "type": 3, "typenum": "805", "typemoney": "3000" },
        { "type": 4, "typenum": "53336", "typemoney": "200" },
        { "type": 5, "typenum": "1119151", "typemoney": "10" },
        { "type": 6, "typenum": "5443452", "typemoney": "5" },
        { "type": 7, "typenum": "", "typemoney": "" }
      ]
    },
    {
      "name": "双色球",
      "code": "2019111",
      "detailsLink": "/c/2019-09-22/458160.shtml",
      "videoLink": "/c/2019-09-22/458159.shtml",
      "date": "2019-09-22(日)",
      "week": "日",
      "red": "07,18,20,22,24,33",
      "blue": "01",
      "blue2": "",
      "sales": "371095278",
      "poolmoney": "907833069",
      "content": "北京3注,广东3注,共6注。",
      "addmoney": "",
      "addmoney2": "",
      "msg": "",
      "z2add": "",
      "m2add": "",
      "prizegrades": [
        { "type": 1, "typenum": "6", "typemoney": "9138179" },
        { "type": 2, "typenum": "82", "typemoney": "378492" },
        { "type": 3, "typenum": "766", "typemoney": "3000" },
        { "type": 4, "typenum": "44624", "typemoney": "200" },
        { "type": 5, "typenum": "995125", "typemoney": "10" },
        { "type": 6, "typenum": "7303449", "typemoney": "5" },
        { "type": 7, "typenum": "", "typemoney": "" }
      ]
    },
    {
      "name": "双色球",
      "code": "2019110",
      "detailsLink": "/c/2019-09-19/458147.shtml",
      "videoLink": "/c/2019-09-19/458146.shtml",
      "date": "2019-09-19(四)",
      "week": "四",
      "red": "01,18,22,26,27,28",
      "blue": "08",
      "blue2": "",
      "sales": "345297696",
      "poolmoney": "869553104",
      "content": "北京2注,浙江1注,安徽1注,山东1注,重庆1注,深圳2注,共8注。",
      "addmoney": "",
      "addmoney2": "",
      "msg": "",
      "z2add": "",
      "m2add": "",
      "prizegrades": [
        { "type": 1, "typenum": "8", "typemoney": "7132577" },
        { "type": 2, "typenum": "89", "typemoney": "239615" },
        { "type": 3, "typenum": "1244", "typemoney": "3000" },
        { "type": 4, "typenum": "64692", "typemoney": "200" },
        { "type": 5, "typenum": "1241154", "typemoney": "10" },
        { "type": 6, "typenum": "10962168", "typemoney": "5" },
        { "type": 7, "typenum": "", "typemoney": "" }
      ]
    },
    {
      "name": "双色球",
      "code": "2019109",
      "detailsLink": "/c/2019-09-17/458037.shtml",
      "videoLink": "/c/2019-09-17/458036.shtml",
      "date": "2019-09-17(二)",
      "week": "二",
      "red": "03,06,07,17,28,31",
      "blue": "10",
      "blue2": "",
      "sales": "339057352",
      "poolmoney": "862636404",
      "content": "江苏1注,福建1注,湖南2注,广西1注,共5注。",
      "addmoney": "",
      "addmoney2": "",
      "msg": "",
      "z2add": "",
      "m2add": "",
      "prizegrades": [
        { "type": 1, "typenum": "5", "typemoney": "8306978" },
        { "type": 2, "typenum": "218", "typemoney": "94810" },
        { "type": 3, "typenum": "1579", "typemoney": "3000" },
        { "type": 4, "typenum": "86504", "typemoney": "200" },
        { "type": 5, "typenum": "1598625", "typemoney": "10" },
        { "type": 6, "typenum": "9087920", "typemoney": "5" },
        { "type": 7, "typenum": "", "typemoney": "" }
      ]
    },
    {
      "name": "双色球",
      "code": "2019108",
      "detailsLink": "/c/2019-09-15/457927.shtml",
      "videoLink": "/c/2019-09-15/457926.shtml",
      "date": "2019-09-15(日)",
      "week": "日",
      "red": "07,13,19,22,25,32",
      "blue": "13",
      "blue2": "",
      "sales": "361553454",
      "poolmoney": "842165456",
      "content": "河北3注,山西1注,黑龙江1注,上海1注,浙江1注,安徽1注,山东1注,湖南3注,云南1注,共13注。",
      "addmoney": "",
      "addmoney2": "",
      "msg": "",
      "z2add": "",
      "m2add": "",
      "prizegrades": [
        { "type": 1, "typenum": "13", "typemoney": "6413151" },
        { "type": 2, "typenum": "110", "typemoney": "208761" },
        { "type": 3, "typenum": "1740", "typemoney": "3000" },
        { "type": 4, "typenum": "77296", "typemoney": "200" },
        { "type": 5, "typenum": "1381805", "typemoney": "10" },
        { "type": 6, "typenum": "10161820", "typemoney": "5" },
        { "type": 7, "typenum": "", "typemoney": "" }
      ]
    },
    {
      "name": "双色球",
      "code": "2019107",
      "detailsLink": "/c/2019-09-12/457914.shtml",
      "videoLink": "/c/2019-09-12/457913.shtml",
      "date": "2019-09-12(四)",
      "week": "四",
      "red": "02,06,08,23,27,32",
      "blue": "02",
      "blue2": "",
      "sales": "326852234",
      "poolmoney": "856645293",
      "content": "黑龙江1注,广西1注,共2注。",
      "addmoney": "",
      "addmoney2": "",
      "msg": "",
      "z2add": "",
      "m2add": "",
      "prizegrades": [
        { "type": 1, "typenum": "2", "typemoney": "10000000" },
        { "type": 2, "typenum": "54", "typemoney": "475645" },
        { "type": 3, "typenum": "948", "typemoney": "3000" },
        { "type": 4, "typenum": "47755", "typemoney": "200" },
        { "type": 5, "typenum": "1008211", "typemoney": "10" },
        { "type": 6, "typenum": "6988194", "typemoney": "5" },
        { "type": 7, "typenum": "", "typemoney": "" }
      ]
    },
    {
      "name": "双色球",
      "code": "2019106",
      "detailsLink": "/c/2019-09-10/457804.shtml",
      "videoLink": "/c/2019-09-10/457803.shtml",
      "date": "2019-09-10(二)",
      "week": "二",
      "red": "02,14,22,27,30,33",
      "blue": "14",
      "blue2": "",
      "sales": "330410652",
      "poolmoney": "799590658",
      "content": "北京1注,安徽1注,山东1注,共3注。",
      "addmoney": "",
      "addmoney2": "",
      "msg": "",
      "z2add": "",
      "m2add": "",
      "prizegrades": [
        { "type": 1, "typenum": "3", "typemoney": "10000000" },
        { "type": 2, "typenum": "65", "typemoney": "385201" },
        { "type": 3, "typenum": "880", "typemoney": "3000" },
        { "type": 4, "typenum": "47442", "typemoney": "200" },
        { "type": 5, "typenum": "978259", "typemoney": "10" },
        { "type": 6, "typenum": "7967570", "typemoney": "5" },
        { "type": 7, "typenum": "", "typemoney": "" }
      ]
    },
    {
      "name": "双色球",
      "code": "2019105",
      "detailsLink": "/c/2019-09-08/457594.shtml",
      "videoLink": "/c/2019-09-08/457593.shtml",
      "date": "2019-09-08(日)",
      "week": "日",
      "red": "02,13,15,17,26,33",
      "blue": "01",
      "blue2": "",
      "sales": "365092568",
      "poolmoney": "754476375",
      "content": "山西5注,辽宁1注,共6注。",
      "addmoney": "",
      "addmoney2": "",
      "msg": "",
      "z2add": "",
      "m2add": "",
      "prizegrades": [
        { "type": 1, "typenum": "6", "typemoney": "8463242" },
        { "type": 2, "typenum": "85", "typemoney": "305580" },
        { "type": 3, "typenum": "1125", "typemoney": "3000" },
        { "type": 4, "typenum": "58000", "typemoney": "200" },
        { "type": 5, "typenum": "1131852", "typemoney": "10" },
        { "type": 6, "typenum": "9740915", "typemoney": "5" },
        { "type": 7, "typenum": "", "typemoney": "" }
      ]
    },
    {
      "name": "双色球",
      "code": "2019104",
      "detailsLink": "/c/2019-09-05/457481.shtml",
      "videoLink": "/c/2019-09-05/457480.shtml",
      "date": "2019-09-05(四)",
      "week": "四",
      "red": "01,05,16,17,18,24",
      "blue": "10",
      "blue2": "",
      "sales": "336503558",
      "poolmoney": "727332881",
      "content": "内蒙古1注,浙江1注,福建1注,山东1注,广东1注,云南1注,甘肃1注,共7注。",
      "addmoney": "",
      "addmoney2": "",
      "msg": "",
      "z2add": "",
      "m2add": "",
      "prizegrades": [
        { "type": 1, "typenum": "7", "typemoney": "6848206" },
        { "type": 2, "typenum": "120", "typemoney": "134765" },
        { "type": 3, "typenum": "1815", "typemoney": "3000" },
        { "type": 4, "typenum": "84986", "typemoney": "200" },
        { "type": 5, "typenum": "1485822", "typemoney": "10" },
        { "type": 6, "typenum": "12579820", "typemoney": "5" },
        { "type": 7, "typenum": "", "typemoney": "" }
      ]
    },
    {
      "name": "双色球",
      "code": "2019103",
      "detailsLink": "/c/2019-09-03/457471.shtml",
      "videoLink": "/c/2019-09-03/457470.shtml",
      "date": "2019-09-03(二)",
      "week": "二",
      "red": "04,12,14,21,27,29",
      "blue": "12",
      "blue2": "",
      "sales": "334444954",
      "poolmoney": "726754909",
      "content": "黑龙江1注,云南1注,共2注。",
      "addmoney": "",
      "addmoney2": "",
      "msg": "",
      "z2add": "",
      "m2add": "",
      "prizegrades": [
        { "type": 1, "typenum": "2", "typemoney": "10000000" },
        { "type": 2, "typenum": "101", "typemoney": "268873" },
        { "type": 3, "typenum": "797", "typemoney": "3000" },
        { "type": 4, "typenum": "50497", "typemoney": "200" },
        { "type": 5, "typenum": "1005488", "typemoney": "10" },
        { "type": 6, "typenum": "6541588", "typemoney": "5" },
        { "type": 7, "typenum": "", "typemoney": "" }
      ]
    },
    {
      "name": "双色球",
      "code": "2019102",
      "detailsLink": "/c/2019-09-01/457361.shtml",
      "videoLink": "/c/2019-09-01/457360.shtml",
      "date": "2019-09-01(日)",
      "week": "日",
      "red": "03,08,12,16,20,32",
      "blue": "12",
      "blue2": "",
      "sales": "365310214",
      "poolmoney": "665286304",
      "content": "河北1注,江苏1注,江西1注,重庆1注,湖南1注,广东1注,四川1注,云南10注,新疆1注,共18注。",
      "addmoney": "",
      "addmoney2": "",
      "msg": "",
      "z2add": "",
      "m2add": "",
      "prizegrades": [
        { "type": 1, "typenum": "18", "typemoney": "5786187" },
        { "type": 2, "typenum": "198", "typemoney": "89339" },
        { "type": 3, "typenum": "2582", "typemoney": "3000" },
        { "type": 4, "typenum": "103650", "typemoney": "200" },
        { "type": 5, "typenum": "1690785", "typemoney": "10" },
        { "type": 6, "typenum": "12572263", "typemoney": "5" },
        { "type": 7, "typenum": "", "typemoney": "" }
      ]
    },
    {
      "name": "双色球",
      "code": "2019101",
      "detailsLink": "/c/2019-08-29/457248.shtml",
      "videoLink": "/c/2019-08-29/457247.shtml",
      "date": "2019-08-29(四)",
      "week": "四",
      "red": "01,04,09,21,31,33",
      "blue": "05",
      "blue2": "",
      "sales": "336008906",
      "poolmoney": "716370043",
      "content": "山西1注,辽宁2注,广东1注,共4注。",
      "addmoney": "",
      "addmoney2": "",
      "msg": "",
      "z2add": "",
      "m2add": "",
      "prizegrades": [
        { "type": 1, "typenum": "4", "typemoney": "6477614" },
        { "type": 2, "typenum": "77", "typemoney": "95948" },
        { "type": 3, "typenum": "1933", "typemoney": "3000" },
        { "type": 4, "typenum": "97693", "typemoney": "200" },
        { "type": 5, "typenum": "1644068", "typemoney": "10" },
        { "type": 6, "typenum": "18662760", "typemoney": "5" },
        { "type": 7, "typenum": "", "typemoney": "" }
      ]
    },
    {
      "name": "双色球",
      "code": "2019100",
      "detailsLink": "/c/2019-08-27/457138.shtml",
      "videoLink": "/c/2019-08-27/457137.shtml",
      "date": "2019-08-27(二)",
      "week": "二",
      "red": "01,04,12,13,30,32",
      "blue": "08",
      "blue2": "",
      "sales": "334319180",
      "poolmoney": "720116287",
      "content": "浙江1注,湖北1注,共2注。",
      "addmoney": "",
      "addmoney2": "",
      "msg": "",
      "z2add": "",
      "m2add": "",
      "prizegrades": [
        { "type": 1, "typenum": "2", "typemoney": "10000000" },
        { "type": 2, "typenum": "60", "typemoney": "404624" },
        { "type": 3, "typenum": "845", "typemoney": "3000" },
        { "type": 4, "typenum": "45195", "typemoney": "200" },
        { "type": 5, "typenum": "968141", "typemoney": "10" },
        { "type": 6, "typenum": "9090234", "typemoney": "5" },
        { "type": 7, "typenum": "", "typemoney": "" }
      ]
    },
    {
      "name": "双色球",
      "code": "2019099",
      "detailsLink": "/c/2019-08-25/456928.shtml",
      "videoLink": "/c/2019-08-25/456927.shtml",
      "date": "2019-08-25(日)",
      "week": "日",
      "red": "07,14,22,23,27,30",
      "blue": "08",
      "blue2": "",
      "sales": "355328056",
      "poolmoney": "667283924",
      "content": "吉林16注,黑龙江1注,安徽3注,江西1注,山东1注,广东1注,四川2注,宁夏1注,共26注。",
      "addmoney": "",
      "addmoney2": "",
      "msg": "",
      "z2add": "",
      "m2add": "",
      "prizegrades": [
        { "type": 1, "typenum": "26", "typemoney": "5524776" },
        { "type": 2, "typenum": "185", "typemoney": "92190" },
        { "type": 3, "typenum": "2027", "typemoney": "3000" },
        { "type": 4, "typenum": "96967", "typemoney": "200" },
        { "type": 5, "typenum": "1636993", "typemoney": "10" },
        { "type": 6, "typenum": "12809107", "typemoney": "5" },
        { "type": 7, "typenum": "", "typemoney": "" }
      ]
    },
    {
      "name": "双色球",
      "code": "2019098",
      "detailsLink": "/c/2019-08-22/456915.shtml",
      "videoLink": "/c/2019-08-22/456914.shtml",
      "date": "2019-08-22(四)",
      "week": "四",
      "red": "03,11,12,14,17,26",
      "blue": "09",
      "blue2": "",
      "sales": "334187522",
      "poolmoney": "759762439",
      "content": "辽宁1注,黑龙江1注,浙江1注,湖南1注,共4注。",
      "addmoney": "",
      "addmoney2": "",
      "msg": "",
      "z2add": "",
      "m2add": "",
      "prizegrades": [
        { "type": 1, "typenum": "4", "typemoney": "9535306" },
        { "type": 2, "typenum": "136", "typemoney": "166739" },
        { "type": 3, "typenum": "1215", "typemoney": "3000" },
        { "type": 4, "typenum": "69931", "typemoney": "200" },
        { "type": 5, "typenum": "1352743", "typemoney": "10" },
        { "type": 6, "typenum": "8377424", "typemoney": "5" },
        { "type": 7, "typenum": "", "typemoney": "" }
      ]
    },
    {
      "name": "双色球",
      "code": "2019097",
      "detailsLink": "/c/2019-08-20/456805.shtml",
      "videoLink": "/c/2019-08-20/456804.shtml",
      "date": "2019-08-20(二)",
      "week": "二",
      "red": "03,05,18,24,25,31",
      "blue": "09",
      "blue2": "",
      "sales": "328319954",
      "poolmoney": "729874065",
      "content": "辽宁1注,广东2注,陕西1注,新疆1注,共5注。",
      "addmoney": "",
      "addmoney2": "",
      "msg": "",
      "z2add": "",
      "m2add": "",
      "prizegrades": [
        { "type": 1, "typenum": "5", "typemoney": "7465772" },
        { "type": 2, "typenum": "98", "typemoney": "157255" },
        { "type": 3, "typenum": "1765", "typemoney": "3000" },
        { "type": 4, "typenum": "77971", "typemoney": "200" },
        { "type": 5, "typenum": "1313064", "typemoney": "10" },
        { "type": 6, "typenum": "13042526", "typemoney": "5" },
        { "type": 7, "typenum": "", "typemoney": "" }
      ]
    },
    {
      "name": "双色球",
      "code": "2019096",
      "detailsLink": "/c/2019-08-18/456695.shtml",
      "videoLink": "/c/2019-08-18/456694.shtml",
      "date": "2019-08-18(日)",
      "week": "日",
      "red": "05,07,12,18,27,32",
      "blue": "11",
      "blue2": "",
      "sales": "355103324",
      "poolmoney": "720969696",
      "content": "河北1注,山西25注,辽宁1注,江西1注,山东1注,重庆1注,河南3注,广东2注,广西1注,四川11注,甘肃1注,共48注。",
      "addmoney": "",
      "addmoney2": "",
      "msg": "",
      "z2add": "",
      "m2add": "",
      "prizegrades": [
        { "type": 1, "typenum": "48", "typemoney": "5399584" },
        { "type": 2, "typenum": "310", "typemoney": "77338" },
        { "type": 3, "typenum": "1661", "typemoney": "3000" },
        { "type": 4, "typenum": "73201", "typemoney": "200" },
        { "type": 5, "typenum": "1256085", "typemoney": "10" },
        { "type": 6, "typenum": "9183250", "typemoney": "5" },
        { "type": 7, "typenum": "", "typemoney": "" }
      ]
    },
    {
      "name": "双色球",
      "code": "2019095",
      "detailsLink": "/c/2019-08-15/456682.shtml",
      "videoLink": "/c/2019-08-15/456681.shtml",
      "date": "2019-08-15(四)",
      "week": "四",
      "red": "02,05,14,19,21,28",
      "blue": "01",
      "blue2": "",
      "sales": "327102912",
      "poolmoney": "908224516",
      "content": "辽宁2注,广东1注,共3注。",
      "addmoney": "",
      "addmoney2": "",
      "msg": "",
      "z2add": "",
      "m2add": "",
      "prizegrades": [
        { "type": 1, "typenum": "3", "typemoney": "10000000" },
        { "type": 2, "typenum": "95", "typemoney": "236670" },
        { "type": 3, "typenum": "843", "typemoney": "3000" },
        { "type": 4, "typenum": "50960", "typemoney": "200" },
        { "type": 5, "typenum": "1037704", "typemoney": "10" },
        { "type": 6, "typenum": "9449489", "typemoney": "5" },
        { "type": 7, "typenum": "", "typemoney": "" }
      ]
    },
    {
      "name": "双色球",
      "code": "2019094",
      "detailsLink": "/c/2019-08-13/456572.shtml",
      "videoLink": "/c/2019-08-13/456571.shtml",
      "date": "2019-08-13(二)",
      "week": "二",
      "red": "05,10,12,18,19,27",
      "blue": "06",
      "blue2": "",
      "sales": "318739184",
      "poolmoney": "870773310",
      "content": "江苏1注,浙江2注,江西2注,广东1注,陕西1注,深圳1注,共8注。",
      "addmoney": "",
      "addmoney2": "",
      "msg": "",
      "z2add": "",
      "m2add": "",
      "prizegrades": [
        { "type": 1, "typenum": "8", "typemoney": "6822140" },
        { "type": 2, "typenum": "301", "typemoney": "60536" },
        { "type": 3, "typenum": "1930", "typemoney": "3000" },
        { "type": 4, "typenum": "90607", "typemoney": "200" },
        { "type": 5, "typenum": "1519430", "typemoney": "10" },
        { "type": 6, "typenum": "8838174", "typemoney": "5" },
        { "type": 7, "typenum": "", "typemoney": "" }
      ]
    },
    {
      "name": "双色球",
      "code": "2019093",
      "detailsLink": "/c/2019-08-11/456362.shtml",
      "videoLink": "/c/2019-08-11/456361.shtml",
      "date": "2019-08-11(日)",
      "week": "日",
      "red": "05,07,08,09,20,22",
      "blue": "02",
      "blue2": "",
      "sales": "343851622",
      "poolmoney": "870686214",
      "content": "北京2注,河北1注,内蒙古1注,辽宁2注,吉林1注,上海1注,江苏1注,浙江3注,安徽2注,福建1注,山东3注,河南5注,湖北2注,广西1注,甘肃1注,共27注。",
      "addmoney": "",
      "addmoney2": "",
      "msg": "",
      "z2add": "",
      "m2add": "",
      "prizegrades": [
        { "type": 1, "typenum": "27", "typemoney": "5590139" },
        { "type": 2, "typenum": "629", "typemoney": "31664" },
        { "type": 3, "typenum": "2755", "typemoney": "3000" },
        { "type": 4, "typenum": "124188", "typemoney": "200" },
        { "type": 5, "typenum": "1910404", "typemoney": "10" },
        { "type": 6, "typenum": "7322377", "typemoney": "5" },
        { "type": 7, "typenum": "", "typemoney": "" }
      ]
    },
    {
      "name": "双色球",
      "code": "2019092",
      "detailsLink": "/c/2019-08-08/456349.shtml",
      "videoLink": "/c/2019-08-08/456348.shtml",
      "date": "2019-08-08(四)",
      "week": "四",
      "red": "09,17,27,28,32,33",
      "blue": "08",
      "blue2": "",
      "sales": "325113036",
      "poolmoney": "961868391",
      "content": "北京1注,江苏1注,浙江1注,重庆1注,湖南1注,广东1注,共6注。",
      "addmoney": "",
      "addmoney2": "",
      "msg": "",
      "z2add": "",
      "m2add": "",
      "prizegrades": [
        { "type": 1, "typenum": "6", "typemoney": "6573767" },
        { "type": 2, "typenum": "67", "typemoney": "176168" },
        { "type": 3, "typenum": "2218", "typemoney": "3000" },
        { "type": 4, "typenum": "96986", "typemoney": "200" },
        { "type": 5, "typenum": "1510147", "typemoney": "10" },
        { "type": 6, "typenum": "14187938", "typemoney": "5" },
        { "type": 7, "typenum": "", "typemoney": "" }
      ]
    },
    {
      "name": "双色球",
      "code": "2019091",
      "detailsLink": "/c/2019-08-06/456239.shtml",
      "videoLink": "/c/2019-08-06/456238.shtml",
      "date": "2019-08-06(二)",
      "week": "二",
      "red": "07,10,21,24,29,32",
      "blue": "11",
      "blue2": "",
      "sales": "321773688",
      "poolmoney": "965901226",
      "content": "重庆1注,深圳1注,共2注。",
      "addmoney": "",
      "addmoney2": "",
      "msg": "",
      "z2add": "",
      "m2add": "",
      "prizegrades": [
        { "type": 1, "typenum": "2", "typemoney": "10000000" },
        { "type": 2, "typenum": "94", "typemoney": "260518" },
        { "type": 3, "typenum": "1182", "typemoney": "3000" },
        { "type": 4, "typenum": "48596", "typemoney": "200" },
        { "type": 5, "typenum": "1027933", "typemoney": "10" },
        { "type": 6, "typenum": "7233888", "typemoney": "5" },
        { "type": 7, "typenum": "", "typemoney": "" }
      ]
    },
    {
      "name": "双色球",
      "code": "2019090",
      "detailsLink": "/c/2019-08-04/456129.shtml",
      "videoLink": "/c/2019-08-04/456128.shtml",
      "date": "2019-08-04(日)",
      "week": "日",
      "red": "02,03,06,08,14,22",
      "blue": "04",
      "blue2": "",
      "sales": "355808718",
      "poolmoney": "912434874",
      "content": "辽宁1注,广东1注,共2注。",
      "addmoney": "",
      "addmoney2": "",
      "msg": "",
      "z2add": "",
      "m2add": "",
      "prizegrades": [
        { "type": 1, "typenum": "2", "typemoney": "10000000" },
        { "type": 2, "typenum": "93", "typemoney": "289490" },
        { "type": 3, "typenum": "1079", "typemoney": "3000" },
        { "type": 4, "typenum": "61443", "typemoney": "200" },
        { "type": 5, "typenum": "1234613", "typemoney": "10" },
        { "type": 6, "typenum": "7756791", "typemoney": "5" },
        { "type": 7, "typenum": "", "typemoney": "" }
      ]
    },
    {
      "name": "双色球",
      "code": "2019089",
      "detailsLink": "/c/2019-08-01/456116.shtml",
      "videoLink": "/c/2019-08-01/456115.shtml",
      "date": "2019-08-01(四)",
      "week": "四",
      "red": "02,04,14,16,20,22",
      "blue": "11",
      "blue2": "",
      "sales": "321183320",
      "poolmoney": "851666935",
      "content": "辽宁1注,安徽1注,湖北3注,湖南1注,广西1注,共7注。",
      "addmoney": "",
      "addmoney2": "",
      "msg": "",
      "z2add": "",
      "m2add": "",
      "prizegrades": [
        { "type": 1, "typenum": "7", "typemoney": "6961515" },
        { "type": 2, "typenum": "104", "typemoney": "165031" },
        { "type": 3, "typenum": "1201", "typemoney": "3000" },
        { "type": 4, "typenum": "61937", "typemoney": "200" },
        { "type": 5, "typenum": "1127679", "typemoney": "10" },
        { "type": 6, "typenum": "12291918", "typemoney": "5" },
        { "type": 7, "typenum": "", "typemoney": "" }
      ]
    },
    {
      "name": "双色球",
      "code": "2019088",
      "detailsLink": "/c/2019-07-30/456006.shtml",
      "videoLink": "/c/2019-07-30/456005.shtml",
      "date": "2019-07-30(二)",
      "week": "二",
      "red": "13,14,15,21,23,29",
      "blue": "13",
      "blue2": "",
      "sales": "320442344",
      "poolmoney": "848907760",
      "content": "黑龙江1注,江苏3注,浙江3注,山东1注,湖南1注,广东7注,四川1注,云南1注,共18注。",
      "addmoney": "",
      "addmoney2": "",
      "msg": "",
      "z2add": "",
      "m2add": "",
      "prizegrades": [
        { "type": 1, "typenum": "18", "typemoney": "5697370" },
        { "type": 2, "typenum": "77", "typemoney": "203777" },
        { "type": 3, "typenum": "1852", "typemoney": "3000" },
        { "type": 4, "typenum": "76697", "typemoney": "200" },
        { "type": 5, "typenum": "1238738", "typemoney": "10" },
        { "type": 6, "typenum": "12194123", "typemoney": "5" },
        { "type": 7, "typenum": "", "typemoney": "" }
      ]
    },
    {
      "name": "双色球",
      "code": "2019087",
      "detailsLink": "/c/2019-07-28/455896.shtml",
      "videoLink": "/c/2019-07-28/455895.shtml",
      "date": "2019-07-28(日)",
      "week": "日",
      "red": "04,05,07,09,21,30",
      "blue": "04",
      "blue2": "",
      "sales": "348495228",
      "poolmoney": "904387916",
      "content": "上海4注,安徽1注,共5注。",
      "addmoney": "",
      "addmoney2": "",
      "msg": "",
      "z2add": "",
      "m2add": "",
      "prizegrades": [
        { "type": 1, "typenum": "5", "typemoney": "9423734" },
        { "type": 2, "typenum": "99", "typemoney": "279276" },
        { "type": 3, "typenum": "994", "typemoney": "3000" },
        { "type": 4, "typenum": "61058", "typemoney": "200" },
        { "type": 5, "typenum": "1300800", "typemoney": "10" },
        { "type": 6, "typenum": "6393538", "typemoney": "5" },
        { "type": 7, "typenum": "", "typemoney": "" }
      ]
    },
    {
      "name": "双色球",
      "code": "2019086",
      "detailsLink": "/c/2019-07-25/455783.shtml",
      "videoLink": "/c/2019-07-25/455782.shtml",
      "date": "2019-07-25(四)",
      "week": "四",
      "red": "16,22,24,26,28,31",
      "blue": "06",
      "blue2": "",
      "sales": "318423888",
      "poolmoney": "868561562",
      "content": "天津1注,江苏1注,福建1注,江西1注,广东1注,甘肃1注,青海1注,深圳4注,共11注。",
      "addmoney": "",
      "addmoney2": "",
      "msg": "",
      "z2add": "",
      "m2add": "",
      "prizegrades": [
        { "type": 1, "typenum": "11", "typemoney": "6364807" },
        { "type": 2, "typenum": "120", "typemoney": "156384" },
        { "type": 3, "typenum": "1475", "typemoney": "3000" },
        { "type": 4, "typenum": "67830", "typemoney": "200" },
        { "type": 5, "typenum": "1190814", "typemoney": "10" },
        { "type": 6, "typenum": "10212836", "typemoney": "5" },
        { "type": 7, "typenum": "", "typemoney": "" }
      ]
    },
    {
      "name": "双色球",
      "code": "2019085",
      "detailsLink": "/c/2019-07-23/455673.shtml",
      "videoLink": "/c/2019-07-23/455672.shtml",
      "date": "2019-07-23(二)",
      "week": "二",
      "red": "01,04,14,18,24,29",
      "blue": "04",
      "blue2": "",
      "sales": "322387974",
      "poolmoney": "882276151",
      "content": "河北1注,江苏2注,山东5注,湖北1注,广东1注,陕西2注,共12注。",
      "addmoney": "",
      "addmoney2": "",
      "msg": "",
      "z2add": "",
      "m2add": "",
      "prizegrades": [
        { "type": 1, "typenum": "12", "typemoney": "6519571" },
        { "type": 2, "typenum": "61", "typemoney": "373665" },
        { "type": 3, "typenum": "1336", "typemoney": "3000" },
        { "type": 4, "typenum": "54007", "typemoney": "200" },
        { "type": 5, "typenum": "935004", "typemoney": "10" },
        { "type": 6, "typenum": "8527271", "typemoney": "5" },
        { "type": 7, "typenum": "", "typemoney": "" }
      ]
    },
    {
      "name": "双色球",
      "code": "2019084",
      "detailsLink": "/c/2019-07-21/455663.shtml",
      "videoLink": "/c/2019-07-21/455662.shtml",
      "date": "2019-07-21(日)",
      "week": "日",
      "red": "04,08,14,18,20,27",
      "blue": "03",
      "blue2": "",
      "sales": "356282880",
      "poolmoney": "892130280",
      "content": "内蒙古1注,浙江1注,安徽1注,山东11注,河南1注,共15注。",
      "addmoney": "",
      "addmoney2": "",
      "msg": "",
      "z2add": "",
      "m2add": "",
      "prizegrades": [
        { "type": 1, "typenum": "15", "typemoney": "5979203" },
        { "type": 2, "typenum": "300", "typemoney": "61200" },
        { "type": 3, "typenum": "2549", "typemoney": "3000" },
        { "type": 4, "typenum": "124314", "typemoney": "200" },
        { "type": 5, "typenum": "2086504", "typemoney": "10" },
        { "type": 6, "typenum": "9552705", "typemoney": "5" },
        { "type": 7, "typenum": "", "typemoney": "" }
      ]
    },
    {
      "name": "双色球",
      "code": "2019083",
      "detailsLink": "/c/2019-07-18/455650.shtml",
      "videoLink": "/c/2019-07-18/455649.shtml",
      "date": "2019-07-18(四)",
      "week": "四",
      "red": "06,15,17,26,28,31",
      "blue": "03",
      "blue2": "",
      "sales": "329029762",
      "poolmoney": "926738145",
      "content": "河北1注,江苏5注,浙江1注,安徽1注,贵州2注,共10注。",
      "addmoney": "",
      "addmoney2": "",
      "msg": "",
      "z2add": "",
      "m2add": "",
      "prizegrades": [
        { "type": 1, "typenum": "10", "typemoney": "6795196" },
        { "type": 2, "typenum": "118", "typemoney": "190169" },
        { "type": 3, "typenum": "1189", "typemoney": "3000" },
        { "type": 4, "typenum": "61110", "typemoney": "200" },
        { "type": 5, "typenum": "1161496", "typemoney": "10" },
        { "type": 6, "typenum": "8812163", "typemoney": "5" },
        { "type": 7, "typenum": "", "typemoney": "" }
      ]
    },
    {
      "name": "双色球",
      "code": "2019082",
      "detailsLink": "/c/2019-07-16/455540.shtml",
      "videoLink": "/c/2019-07-16/455539.shtml",
      "date": "2019-07-16(二)",
      "week": "二",
      "red": "07,16,19,22,24,28",
      "blue": "02",
      "blue2": "",
      "sales": "328221990",
      "poolmoney": "927370251",
      "content": "河北1注,辽宁1注,安徽1注,广东2注,共5注。",
      "addmoney": "",
      "addmoney2": "",
      "msg": "",
      "z2add": "",
      "m2add": "",
      "prizegrades": [
        { "type": 1, "typenum": "5", "typemoney": "8270886" },
        { "type": 2, "typenum": "91", "typemoney": "224648" },
        { "type": 3, "typenum": "1412", "typemoney": "3000" },
        { "type": 4, "typenum": "71586", "typemoney": "200" },
        { "type": 5, "typenum": "1328818", "typemoney": "10" },
        { "type": 6, "typenum": "9443047", "typemoney": "5" },
        { "type": 7, "typenum": "", "typemoney": "" }
      ]
    },
    {
      "name": "双色球",
      "code": "2019081",
      "detailsLink": "/c/2019-07-14/455430.shtml",
      "videoLink": "/c/2019-07-14/455429.shtml",
      "date": "2019-07-14(日)",
      "week": "日",
      "red": "05,24,27,29,31,32",
      "blue": "10",
      "blue2": "",
      "sales": "359862504",
      "poolmoney": "907395563",
      "content": "江苏1注,山东1注,重庆1注,广东2注,共5注。",
      "addmoney": "",
      "addmoney2": "",
      "msg": "",
      "z2add": "",
      "m2add": "",
      "prizegrades": [
        { "type": 1, "typenum": "5", "typemoney": "8910511" },
        { "type": 2, "typenum": "58", "typemoney": "421391" },
        { "type": 3, "typenum": "877", "typemoney": "3000" },
        { "type": 4, "typenum": "45047", "typemoney": "200" },
        { "type": 5, "typenum": "971926", "typemoney": "10" },
        { "type": 6, "typenum": "11442036", "typemoney": "5" },
        { "type": 7, "typenum": "", "typemoney": "" }
      ]
    },
    {
      "name": "双色球",
      "code": "2019080",
      "detailsLink": "/c/2019-07-11/455317.shtml",
      "videoLink": "/c/2019-07-11/455316.shtml",
      "date": "2019-07-11(四)",
      "week": "四",
      "red": "03,06,08,20,24,32",
      "blue": "07",
      "blue2": "",
      "sales": "333601616",
      "poolmoney": "878626031",
      "content": "河北2注,辽宁1注,浙江1注,安徽1注,山东1注,深圳1注,共7注。",
      "addmoney": "",
      "addmoney2": "",
      "msg": "",
      "z2add": "",
      "m2add": "",
      "prizegrades": [
        { "type": 1, "typenum": "7", "typemoney": "6502641" },
        { "type": 2, "typenum": "80", "typemoney": "164351" },
        { "type": 3, "typenum": "1399", "typemoney": "3000" },
        { "type": 4, "typenum": "80926", "typemoney": "200" },
        { "type": 5, "typenum": "1423007", "typemoney": "10" },
        { "type": 6, "typenum": "15252015", "typemoney": "5" },
        { "type": 7, "typenum": "", "typemoney": "" }
      ]
    },
    {
      "name": "双色球",
      "code": "2019079",
      "detailsLink": "/c/2019-07-09/455307.shtml",
      "videoLink": "/c/2019-07-09/455306.shtml",
      "date": "2019-07-09(二)",
      "week": "二",
      "red": "01,03,06,09,19,31",
      "blue": "16",
      "blue2": "",
      "sales": "324952306",
      "poolmoney": "884700186",
      "content": "上海10注,江苏1注,福建1注,江西1注,山东1注,四川1注,共15注。",
      "addmoney": "",
      "addmoney2": "",
      "msg": "",
      "z2add": "",
      "m2add": "",
      "prizegrades": [
        { "type": 1, "typenum": "15", "typemoney": "6163816" },
        { "type": 2, "typenum": "156", "typemoney": "139881" },
        { "type": 3, "typenum": "1634", "typemoney": "3000" },
        { "type": 4, "typenum": "72099", "typemoney": "200" },
        { "type": 5, "typenum": "1197361", "typemoney": "10" },
        { "type": 6, "typenum": "8128996", "typemoney": "5" },
        { "type": 7, "typenum": "", "typemoney": "" }
      ]
    },
    {
      "name": "双色球",
      "code": "2019078",
      "detailsLink": "/c/2019-07-07/455197.shtml",
      "videoLink": "/c/2019-07-07/455196.shtml",
      "date": "2019-07-07(日)",
      "week": "日",
      "red": "01,17,27,29,31,33",
      "blue": "12",
      "blue2": "",
      "sales": "358699764",
      "poolmoney": "911692755",
      "content": "北京1注,黑龙江1注,江苏6注,浙江1注,山东1注,广东2注,云南2注,共14注。",
      "addmoney": "",
      "addmoney2": "",
      "msg": "",
      "z2add": "",
      "m2add": "",
      "prizegrades": [
        { "type": 1, "typenum": "14", "typemoney": "6369078" },
        { "type": 2, "typenum": "199", "typemoney": "120396" },
        { "type": 3, "typenum": "1248", "typemoney": "3000" },
        { "type": 4, "typenum": "62854", "typemoney": "200" },
        { "type": 5, "typenum": "1185214", "typemoney": "10" },
        { "type": 6, "typenum": "10352093", "typemoney": "5" },
        { "type": 7, "typenum": "", "typemoney": "" }
      ]
    },
    {
      "name": "双色球",
      "code": "2019077",
      "detailsLink": "/c/2019-07-04/455184.shtml",
      "videoLink": "/c/2019-07-04/455183.shtml",
      "date": "2019-07-04(四)",
      "week": "四",
      "red": "09,11,13,18,21,22",
      "blue": "15",
      "blue2": "",
      "sales": "331156004",
      "poolmoney": "928983242",
      "content": "浙江1注,共1注。",
      "addmoney": "",
      "addmoney2": "",
      "msg": "",
      "z2add": "",
      "m2add": "",
      "prizegrades": [
        { "type": 1, "typenum": "1", "typemoney": "10000000" },
        { "type": 2, "typenum": "118", "typemoney": "221011" },
        { "type": 3, "typenum": "921", "typemoney": "3000" },
        { "type": 4, "typenum": "55739", "typemoney": "200" },
        { "type": 5, "typenum": "1161051", "typemoney": "10" },
        { "type": 6, "typenum": "6485539", "typemoney": "5" },
        { "type": 7, "typenum": "", "typemoney": "" }
      ]
    },
    {
      "name": "双色球",
      "code": "2019076",
      "detailsLink": "/c/2019-07-02/455074.shtml",
      "videoLink": "/c/2019-07-02/455073.shtml",
      "date": "2019-07-02(二)",
      "week": "二",
      "red": "12,15,19,20,29,32",
      "blue": "14",
      "blue2": "",
      "sales": "327737064",
      "poolmoney": "860745165",
      "content": "四川1注,深圳3注,共4注。",
      "addmoney": "",
      "addmoney2": "",
      "msg": "",
      "z2add": "",
      "m2add": "",
      "prizegrades": [
        { "type": 1, "typenum": "4", "typemoney": "10000000" },
        { "type": 2, "typenum": "84", "typemoney": "299030" },
        { "type": 3, "typenum": "887", "typemoney": "3000" },
        { "type": 4, "typenum": "46766", "typemoney": "200" },
        { "type": 5, "typenum": "981791", "typemoney": "10" },
        { "type": 6, "typenum": "7656989", "typemoney": "5" },
        { "type": 7, "typenum": "", "typemoney": "" }
      ]
    },
    {
      "name": "双色球",
      "code": "2019075",
      "detailsLink": "/c/2019-06-30/454864.shtml",
      "videoLink": "/c/2019-06-30/454863.shtml",
      "date": "2019-06-30(日)",
      "week": "日",
      "red": "05,08,20,22,31,33",
      "blue": "03",
      "blue2": "",
      "sales": "356452390",
      "poolmoney": "825389586",
      "content": "福建1注,广东1注,共2注。",
      "addmoney": "",
      "addmoney2": "",
      "msg": "",
      "z2add": "",
      "m2add": "",
      "prizegrades": [
        { "type": 1, "typenum": "2", "typemoney": "10000000" },
        { "type": 2, "typenum": "69", "typemoney": "329031" },
        { "type": 3, "typenum": "983", "typemoney": "3000" },
        { "type": 4, "typenum": "57414", "typemoney": "200" },
        { "type": 5, "typenum": "1168124", "typemoney": "10" },
        { "type": 6, "typenum": "11547164", "typemoney": "5" },
        { "type": 7, "typenum": "", "typemoney": "" }
      ]
    },
    {
      "name": "双色球",
      "code": "2019074",
      "detailsLink": "/c/2019-06-27/454751.shtml",
      "videoLink": "/c/2019-06-27/454750.shtml",
      "date": "2019-06-27(四)",
      "week": "四",
      "red": "12,21,27,29,31,33",
      "blue": "04",
      "blue2": "",
      "sales": "339313032",
      "poolmoney": "777279978",
      "content": "河北1注,上海1注,安徽1注,陕西1注,共4注。",
      "addmoney": "",
      "addmoney2": "",
      "msg": "",
      "z2add": "",
      "m2add": "",
      "prizegrades": [
        { "type": 1, "typenum": "4", "typemoney": "10000000" },
        { "type": 2, "typenum": "51", "typemoney": "558701" },
        { "type": 3, "typenum": "681", "typemoney": "3000" },
        { "type": 4, "typenum": "36557", "typemoney": "200" },
        { "type": 5, "typenum": "803399", "typemoney": "10" },
        { "type": 6, "typenum": "6979963", "typemoney": "5" },
        { "type": 7, "typenum": "", "typemoney": "" }
      ]
    },
    {
      "name": "双色球",
      "code": "2019073",
      "detailsLink": "/c/2019-06-25/454641.shtml",
      "videoLink": "/c/2019-06-25/454640.shtml",
      "date": "2019-06-25(二)",
      "week": "二",
      "red": "01,02,06,12,16,18",
      "blue": "08",
      "blue2": "",
      "sales": "334373706",
      "poolmoney": "731798593",
      "content": "河北2注,山西1注,内蒙古1注,江苏1注,山东1注,重庆2注,河南1注,湖北1注,广西3注,贵州1注,陕西1注,深圳2注,共17注。",
      "addmoney": "",
      "addmoney2": "",
      "msg": "",
      "z2add": "",
      "m2add": "",
      "prizegrades": [
        { "type": 1, "typenum": "17", "typemoney": "5684254" },
        { "type": 2, "typenum": "146", "typemoney": "99591" },
        { "type": 3, "typenum": "2082", "typemoney": "3000" },
        { "type": 4, "typenum": "86209", "typemoney": "200" },
        { "type": 5, "typenum": "1407233", "typemoney": "10" },
        { "type": 6, "typenum": "13624268", "typemoney": "5" },
        { "type": 7, "typenum": "", "typemoney": "" }
      ]
    },
    {
      "name": "双色球",
      "code": "2019072",
      "detailsLink": "/c/2019-06-23/454431.shtml",
      "videoLink": "/c/2019-06-23/454430.shtml",
      "date": "2019-06-23(日)",
      "week": "日",
      "red": "02,09,13,15,22,30",
      "blue": "15",
      "blue2": "",
      "sales": "366310328",
      "poolmoney": "784809688",
      "content": "河北1注,浙江1注,江西2注,山东1注,湖南3注,广东1注,深圳1注,共10注。",
      "addmoney": "",
      "addmoney2": "",
      "msg": "",
      "z2add": "",
      "m2add": "",
      "prizegrades": [
        { "type": 1, "typenum": "10", "typemoney": "6995170" },
        { "type": 2, "typenum": "155", "typemoney": "160900" },
        { "type": 3, "typenum": "1666", "typemoney": "3000" },
        { "type": 4, "typenum": "80447", "typemoney": "200" },
        { "type": 5, "typenum": "1454142", "typemoney": "10" },
        { "type": 6, "typenum": "8820940", "typemoney": "5" },
        { "type": 7, "typenum": "", "typemoney": "" }
      ]
    },
    {
      "name": "双色球",
      "code": "2019071",
      "detailsLink": "/c/2019-06-20/454318.shtml",
      "videoLink": "/c/2019-06-20/454317.shtml",
      "date": "2019-06-20(四)",
      "week": "四",
      "red": "01,08,19,24,29,30",
      "blue": "04",
      "blue2": "",
      "sales": "338921834",
      "poolmoney": "779942491",
      "content": "山西1注,上海1注,浙江4注,重庆3注,河南5注,湖北1注,广西2注,四川4注,贵州1注,共22注。",
      "addmoney": "",
      "addmoney2": "",
      "msg": "",
      "z2add": "",
      "m2add": "",
      "prizegrades": [
        { "type": 1, "typenum": "22", "typemoney": "5832271" },
        { "type": 2, "typenum": "371", "typemoney": "61691" },
        { "type": 3, "typenum": "1909", "typemoney": "3000" },
        { "type": 4, "typenum": "77740", "typemoney": "200" },
        { "type": 5, "typenum": "1214971", "typemoney": "10" },
        { "type": 6, "typenum": "8219418", "typemoney": "5" },
        { "type": 7, "typenum": "", "typemoney": "" }
      ]
    },
    {
      "name": "双色球",
      "code": "2019070",
      "detailsLink": "/c/2019-06-18/454208.shtml",
      "videoLink": "/c/2019-06-18/454207.shtml",
      "date": "2019-06-18(二)",
      "week": "二",
      "red": "06,15,18,19,24,32",
      "blue": "09",
      "blue2": "",
      "sales": "335727814",
      "poolmoney": "839590047",
      "content": "浙江1注,重庆1注,四川1注,共3注。",
      "addmoney": "",
      "addmoney2": "",
      "msg": "",
      "z2add": "",
      "m2add": "",
      "prizegrades": [
        { "type": 1, "typenum": "3", "typemoney": "10000000" },
        { "type": 2, "typenum": "103", "typemoney": "182464" },
        { "type": 3, "typenum": "1352", "typemoney": "3000" },
        { "type": 4, "typenum": "71266", "typemoney": "200" },
        { "type": 5, "typenum": "1271212", "typemoney": "10" },
        { "type": 6, "typenum": "11661949", "typemoney": "5" },
        { "type": 7, "typenum": "", "typemoney": "" }
      ]
    },
    {
      "name": "双色球",
      "code": "2019069",
      "detailsLink": "/c/2019-06-16/454197.shtml",
      "videoLink": "/c/2019-06-16/454196.shtml",
      "date": "2019-06-16(日)",
      "week": "日",
      "red": "06,11,16,19,21,25",
      "blue": "01",
      "blue2": "",
      "sales": "370103190",
      "poolmoney": "813208375",
      "content": "辽宁1注,浙江1注,福建1注,江西1注,湖北1注,广东1注,四川1注,云南1注,共8注。",
      "addmoney": "",
      "addmoney2": "",
      "msg": "",
      "z2add": "",
      "m2add": "",
      "prizegrades": [
        { "type": 1, "typenum": "8", "typemoney": "7285184" },
        { "type": 2, "typenum": "226", "typemoney": "101114" },
        { "type": 3, "typenum": "1642", "typemoney": "3000" },
        { "type": 4, "typenum": "87880", "typemoney": "200" },
        { "type": 5, "typenum": "1535319", "typemoney": "10" },
        { "type": 6, "typenum": "10417598", "typemoney": "5" },
        { "type": 7, "typenum": "", "typemoney": "" }
      ]
    },
    {
      "name": "双色球",
      "code": "2019068",
      "detailsLink": "/c/2019-06-13/454184.shtml",
      "videoLink": "/c/2019-06-13/454183.shtml",
      "date": "2019-06-13(四)",
      "week": "四",
      "red": "03,14,20,24,26,33",
      "blue": "10",
      "blue2": "",
      "sales": "331635522",
      "poolmoney": "802934315",
      "content": "山西1注,黑龙江1注,广东2注,四川1注,甘肃1注,共6注。",
      "addmoney": "",
      "addmoney2": "",
      "msg": "",
      "z2add": "",
      "m2add": "",
      "prizegrades": [
        { "type": 1, "typenum": "6", "typemoney": "8093762" },
        { "type": 2, "typenum": "64", "typemoney": "362550" },
        { "type": 3, "typenum": "853", "typemoney": "3000" },
        { "type": 4, "typenum": "46806", "typemoney": "200" },
        { "type": 5, "typenum": "937858", "typemoney": "10" },
        { "type": 6, "typenum": "9677948", "typemoney": "5" },
        { "type": 7, "typenum": "", "typemoney": "" }
      ]
    },
    {
      "name": "双色球",
      "code": "2019067",
      "detailsLink": "/c/2019-06-11/454074.shtml",
      "videoLink": "/c/2019-06-11/454073.shtml",
      "date": "2019-06-11(二)",
      "week": "二",
      "red": "04,06,08,11,30,33",
      "blue": "11",
      "blue2": "",
      "sales": "330381956",
      "poolmoney": "781887228",
      "content": "北京1注,辽宁1注,江苏2注,湖南1注,共5注。",
      "addmoney": "",
      "addmoney2": "",
      "msg": "",
      "z2add": "",
      "m2add": "",
      "prizegrades": [
        { "type": 1, "typenum": "5", "typemoney": "7973990" },
        { "type": 2, "typenum": "110", "typemoney": "168976" },
        { "type": 3, "typenum": "1249", "typemoney": "3000" },
        { "type": 4, "typenum": "63942", "typemoney": "200" },
        { "type": 5, "typenum": "1185283", "typemoney": "10" },
        { "type": 6, "typenum": "11829831", "typemoney": "5" },
        { "type": 7, "typenum": "", "typemoney": "" }
      ]
    },
    {
      "name": "双色球",
      "code": "2019066",
      "detailsLink": "/c/2019-06-09/453864.shtml",
      "videoLink": "/c/2019-06-09/453863.shtml",
      "date": "2019-06-09(日)",
      "week": "日",
      "red": "01,14,17,20,22,32",
      "blue": "04",
      "blue2": "",
      "sales": "354505682",
      "poolmoney": "765994853",
      "content": "内蒙古1注,山东1注,河南2注,广西1注,云南1注,共6注。",
      "addmoney": "",
      "addmoney2": "",
      "msg": "",
      "z2add": "",
      "m2add": "",
      "prizegrades": [
        { "type": 1, "typenum": "6", "typemoney": "8522847" },
        { "type": 2, "typenum": "86", "typemoney": "307225" },
        { "type": 3, "typenum": "977", "typemoney": "3000" },
        { "type": 4, "typenum": "47329", "typemoney": "200" },
        { "type": 5, "typenum": "945495", "typemoney": "10" },
        { "type": 6, "typenum": "9234119", "typemoney": "5" },
        { "type": 7, "typenum": "", "typemoney": "" }
      ]
    },
    {
      "name": "双色球",
      "code": "2019065",
      "detailsLink": "/c/2019-06-06/453851.shtml",
      "videoLink": "/c/2019-06-06/453850.shtml",
      "date": "2019-06-06(四)",
      "week": "四",
      "red": "06,09,11,15,20,26",
      "blue": "10",
      "blue2": "",
      "sales": "327400036",
      "poolmoney": "737867862",
      "content": "北京2注,河北1注,辽宁1注,江苏1注,湖北1注,贵州1注,云南2注,深圳1注,共10注。",
      "addmoney": "",
      "addmoney2": "",
      "msg": "",
      "z2add": "",
      "m2add": "",
      "prizegrades": [
        { "type": 1, "typenum": "10", "typemoney": "6616248" },
        { "type": 2, "typenum": "317", "typemoney": "63732" },
        { "type": 3, "typenum": "1803", "typemoney": "3000" },
        { "type": 4, "typenum": "88849", "typemoney": "200" },
        { "type": 5, "typenum": "1517001", "typemoney": "10" },
        { "type": 6, "typenum": "8252954", "typemoney": "5" },
        { "type": 7, "typenum": "", "typemoney": "" }
      ]
    },
    {
      "name": "双色球",
      "code": "2019064",
      "detailsLink": "/c/2019-06-04/453841.shtml",
      "videoLink": "/c/2019-06-04/453840.shtml",
      "date": "2019-06-04(二)",
      "week": "二",
      "red": "12,20,24,25,30,33",
      "blue": "12",
      "blue2": "",
      "sales": "331639006",
      "poolmoney": "743421022",
      "content": "上海1注,浙江1注,广西1注,贵州1注,共4注。",
      "addmoney": "",
      "addmoney2": "",
      "msg": "",
      "z2add": "",
      "m2add": "",
      "prizegrades": [
        { "type": 1, "typenum": "4", "typemoney": "9064360" },
        { "type": 2, "typenum": "92", "typemoney": "220889" },
        { "type": 3, "typenum": "1028", "typemoney": "3000" },
        { "type": 4, "typenum": "61462", "typemoney": "200" },
        { "type": 5, "typenum": "1216263", "typemoney": "10" },
        { "type": 6, "typenum": "10735376", "typemoney": "5" },
        { "type": 7, "typenum": "", "typemoney": "" }
      ]
    },
    {
      "name": "双色球",
      "code": "2019063",
      "detailsLink": "/c/2019-06-02/453731.shtml",
      "videoLink": "/c/2019-06-02/453730.shtml",
      "date": "2019-06-02(日)",
      "week": "日",
      "red": "01,14,19,22,29,31",
      "blue": "16",
      "blue2": "",
      "sales": "361222550",
      "poolmoney": "718713061",
      "content": "黑龙江1注,河南1注,湖北2注,海南1注,共5注。",
      "addmoney": "",
      "addmoney2": "",
      "msg": "",
      "z2add": "",
      "m2add": "",
      "prizegrades": [
        { "type": 1, "typenum": "5", "typemoney": "9289366" },
        { "type": 2, "typenum": "91", "typemoney": "294599" },
        { "type": 3, "typenum": "1005", "typemoney": "3000" },
        { "type": 4, "typenum": "56213", "typemoney": "200" },
        { "type": 5, "typenum": "1145392", "typemoney": "10" },
        { "type": 6, "typenum": "8810675", "typemoney": "5" },
        { "type": 7, "typenum": "", "typemoney": "" }
      ]
    },
    {
      "name": "双色球",
      "code": "2019062",
      "detailsLink": "/c/2019-05-30/453718.shtml",
      "videoLink": "/c/2019-05-30/453717.shtml",
      "date": "2019-05-30(四)",
      "week": "四",
      "red": "07,13,16,23,26,30",
      "blue": "01",
      "blue2": "",
      "sales": "339468976",
      "poolmoney": "684734277",
      "content": "上海1注,江苏3注,浙江1注,湖北1注,新疆1注,共7注。",
      "addmoney": "",
      "addmoney2": "",
      "msg": "",
      "z2add": "",
      "m2add": "",
      "prizegrades": [
        { "type": 1, "typenum": "7", "typemoney": "8340699" },
        { "type": 2, "typenum": "161", "typemoney": "181559" },
        { "type": 3, "typenum": "675", "typemoney": "3000" },
        { "type": 4, "typenum": "47411", "typemoney": "200" },
        { "type": 5, "typenum": "1055744", "typemoney": "10" },
        { "type": 6, "typenum": "5470135", "typemoney": "5" },
        { "type": 7, "typenum": "", "typemoney": "" }
      ]
    },
    {
      "name": "双色球",
      "code": "2019061",
      "detailsLink": "/c/2019-05-28/453508.shtml",
      "videoLink": "/c/2019-05-28/453507.shtml",
      "date": "2019-05-28(二)",
      "week": "二",
      "red": "03,17,19,24,27,31",
      "blue": "12",
      "blue2": "",
      "sales": "335296666",
      "poolmoney": "655425812",
      "content": "北京1注,安徽1注,重庆2注,四川1注,陕西1注,共6注。",
      "addmoney": "",
      "addmoney2": "",
      "msg": "",
      "z2add": "",
      "m2add": "",
      "prizegrades": [
        { "type": 1, "typenum": "6", "typemoney": "8443688" },
        { "type": 2, "typenum": "80", "typemoney": "322845" },
        { "type": 3, "typenum": "841", "typemoney": "3000" },
        { "type": 4, "typenum": "47553", "typemoney": "200" },
        { "type": 5, "typenum": "965087", "typemoney": "10" },
        { "type": 6, "typenum": "7860046", "typemoney": "5" },
        { "type": 7, "typenum": "", "typemoney": "" }
      ]
    },
    {
      "name": "双色球",
      "code": "2019060",
      "detailsLink": "/c/2019-05-26/453398.shtml",
      "videoLink": "/c/2019-05-26/453397.shtml",
      "date": "2019-05-26(日)",
      "week": "日",
      "red": "03,04,14,20,23,27",
      "blue": "01",
      "blue2": "",
      "sales": "367103342",
      "poolmoney": "628604946",
      "content": "河南1注,广东1注,共2注。",
      "addmoney": "",
      "addmoney2": "",
      "msg": "",
      "z2add": "",
      "m2add": "",
      "prizegrades": [
        { "type": 1, "typenum": "2", "typemoney": "10000000" },
        { "type": 2, "typenum": "118", "typemoney": "246389" },
        { "type": 3, "typenum": "994", "typemoney": "3000" },
        { "type": 4, "typenum": "55657", "typemoney": "200" },
        { "type": 5, "typenum": "1125191", "typemoney": "10" },
        { "type": 6, "typenum": "7643924", "typemoney": "5" },
        { "type": 7, "typenum": "", "typemoney": "" }
      ]
    },
    {
      "name": "双色球",
      "code": "2019059",
      "detailsLink": "/c/2019-05-23/453385.shtml",
      "videoLink": "/c/2019-05-23/453384.shtml",
      "date": "2019-05-23(四)",
      "week": "四",
      "red": "04,05,07,09,16,18",
      "blue": "06",
      "blue2": "",
      "sales": "345567246",
      "poolmoney": "561383166",
      "content": "湖北1注,广西1注,共2注。",
      "addmoney": "",
      "addmoney2": "",
      "msg": "",
      "z2add": "",
      "m2add": "",
      "prizegrades": [
        { "type": 1, "typenum": "2", "typemoney": "10000000" },
        { "type": 2, "typenum": "125", "typemoney": "162165" },
        { "type": 3, "typenum": "1542", "typemoney": "3000" },
        { "type": 4, "typenum": "75876", "typemoney": "200" },
        { "type": 5, "typenum": "1380983", "typemoney": "10" },
        { "type": 6, "typenum": "10926874", "typemoney": "5" },
        { "type": 7, "typenum": "", "typemoney": "" }
      ]
    },
    {
      "name": "双色球",
      "code": "2019058",
      "detailsLink": "/c/2019-05-21/453275.shtml",
      "videoLink": "/c/2019-05-21/453274.shtml",
      "date": "2019-05-21(二)",
      "week": "二",
      "red": "07,08,12,21,23,27",
      "blue": "12",
      "blue2": "",
      "sales": "339299672",
      "poolmoney": "520571254",
      "content": "河北1注,黑龙江1注,上海1注,江苏4注,浙江1注,安徽2注,福建3注,山东1注,湖北1注,广东1注,广西1注,四川1注,云南1注,陕西1注,共20注。",
      "addmoney": "",
      "addmoney2": "",
      "msg": "",
      "z2add": "",
      "m2add": "",
      "prizegrades": [
        { "type": 1, "typenum": "20", "typemoney": "5260714" },
        { "type": 2, "typenum": "127", "typemoney": "51321" },
        { "type": 3, "typenum": "3726", "typemoney": "3000" },
        { "type": 4, "typenum": "152257", "typemoney": "200" },
        { "type": 5, "typenum": "2179068", "typemoney": "10" },
        { "type": 6, "typenum": "15353055", "typemoney": "5" },
        { "type": 7, "typenum": "", "typemoney": "" }
      ]
    },
    {
      "name": "双色球",
      "code": "2019057",
      "detailsLink": "/c/2019-05-19/452965.shtml",
      "videoLink": "/c/2019-05-19/452964.shtml",
      "date": "2019-05-19(日)",
      "week": "日",
      "red": "04,05,06,08,13,18",
      "blue": "16",
      "blue2": "",
      "sales": "372560948",
      "poolmoney": "606231938",
      "content": "黑龙江2注,上海1注,湖南1注,四川1注,陕西1注,深圳1注,共7注。",
      "addmoney": "",
      "addmoney2": "",
      "msg": "",
      "z2add": "",
      "m2add": "",
      "prizegrades": [
        { "type": 1, "typenum": "7", "typemoney": "8216242" },
        { "type": 2, "typenum": "127", "typemoney": "221591" },
        { "type": 3, "typenum": "1311", "typemoney": "3000" },
        { "type": 4, "typenum": "74663", "typemoney": "200" },
        { "type": 5, "typenum": "1509549", "typemoney": "10" },
        { "type": 6, "typenum": "7205057", "typemoney": "5" },
        { "type": 7, "typenum": "", "typemoney": "" }
      ]
    },
    {
      "name": "双色球",
      "code": "2019056",
      "detailsLink": "/c/2019-05-16/452952.shtml",
      "videoLink": "/c/2019-05-16/452951.shtml",
      "date": "2019-05-16(四)",
      "week": "四",
      "red": "13,14,17,19,21,29",
      "blue": "01",
      "blue2": "",
      "sales": "351267630",
      "poolmoney": "579319269",
      "content": "江西1注,共1注。",
      "addmoney": "",
      "addmoney2": "",
      "msg": "",
      "z2add": "",
      "m2add": "",
      "prizegrades": [
        { "type": 1, "typenum": "1", "typemoney": "10000000" },
        { "type": 2, "typenum": "78", "typemoney": "245905" },
        { "type": 3, "typenum": "1528", "typemoney": "3000" },
        { "type": 4, "typenum": "70105", "typemoney": "200" },
        { "type": 5, "typenum": "1287687", "typemoney": "10" },
        { "type": 6, "typenum": "12783341", "typemoney": "5" },
        { "type": 7, "typenum": "", "typemoney": "" }
      ]
    },
    {
      "name": "双色球",
      "code": "2019055",
      "detailsLink": "/c/2019-05-14/452842.shtml",
      "videoLink": "/c/2019-05-14/452841.shtml",
      "date": "2019-05-14(二)",
      "week": "二",
      "red": "01,06,11,15,19,31",
      "blue": "10",
      "blue2": "",
      "sales": "350070872",
      "poolmoney": "531777347",
      "content": "河南1注,广东1注,共2注。",
      "addmoney": "",
      "addmoney2": "",
      "msg": "",
      "z2add": "",
      "m2add": "",
      "prizegrades": [
        { "type": 1, "typenum": "2", "typemoney": "10000000" },
        { "type": 2, "typenum": "61", "typemoney": "368485" },
        { "type": 3, "typenum": "1097", "typemoney": "3000" },
        { "type": 4, "typenum": "57238", "typemoney": "200" },
        { "type": 5, "typenum": "1100504", "typemoney": "10" },
        { "type": 6, "typenum": "11176109", "typemoney": "5" },
        { "type": 7, "typenum": "", "typemoney": "" }
      ]
    },
    {
      "name": "双色球",
      "code": "2019054",
      "detailsLink": "/c/2019-05-12/452732.shtml",
      "videoLink": "/c/2019-05-12/452731.shtml",
      "date": "2019-05-12(日)",
      "week": "日",
      "red": "07,10,11,15,24,26",
      "blue": "11",
      "blue2": "",
      "sales": "376075414",
      "poolmoney": "484344441",
      "content": "北京1注,吉林1注,山东1注,湖北1注,湖南1注,广东1注,贵州2注,共8注。",
      "addmoney": "",
      "addmoney2": "",
      "msg": "",
      "z2add": "",
      "m2add": "",
      "prizegrades": [
        { "type": 1, "typenum": "8", "typemoney": "6741103" },
        { "type": 2, "typenum": "132", "typemoney": "131901" },
        { "type": 3, "typenum": "2374", "typemoney": "3000" },
        { "type": 4, "typenum": "102249", "typemoney": "200" },
        { "type": 5, "typenum": "1678737", "typemoney": "10" },
        { "type": 6, "typenum": "14054725", "typemoney": "5" },
        { "type": 7, "typenum": "", "typemoney": "" }
      ]
    },
    {
      "name": "双色球",
      "code": "2019053",
      "detailsLink": "/c/2019-05-09/452619.shtml",
      "videoLink": "/c/2019-05-09/452618.shtml",
      "date": "2019-05-09(四)",
      "week": "四",
      "red": "04,16,22,25,29,31",
      "blue": "08",
      "blue2": "",
      "sales": "345533966",
      "poolmoney": "486040155",
      "content": "内蒙古1注,上海5注,江苏1注,湖北1注,四川4注,共12注。",
      "addmoney": "",
      "addmoney2": "",
      "msg": "",
      "z2add": "",
      "m2add": "",
      "prizegrades": [
        { "type": 1, "typenum": "12", "typemoney": "5969643" },
        { "type": 2, "typenum": "109", "typemoney": "133437" },
        { "type": 3, "typenum": "1869", "typemoney": "3000" },
        { "type": 4, "typenum": "80695", "typemoney": "200" },
        { "type": 5, "typenum": "1364875", "typemoney": "10" },
        { "type": 6, "typenum": "15147656", "typemoney": "5" },
        { "type": 7, "typenum": "", "typemoney": "" }
      ]
    },
    {
      "name": "双色球",
      "code": "2019052",
      "detailsLink": "/c/2019-05-07/452509.shtml",
      "videoLink": "/c/2019-05-07/452508.shtml",
      "date": "2019-05-07(二)",
      "week": "二",
      "red": "03,06,09,13,16,19",
      "blue": "16",
      "blue2": "",
      "sales": "342251970",
      "poolmoney": "514041918",
      "content": "北京2注,天津12注,河北1注,山西3注,内蒙古2注,辽宁1注,黑龙江2注,上海5注,江苏3注,浙江26注,安徽3注,福建6注,江西3注,山东7注,重庆1注,河南5注,湖北23注,湖南3注,广东11注,广西1注,四川2注,贵州3注,云南7注,陕西16注,甘肃2注,深圳3注,共153注。",
      "addmoney": "",
      "addmoney2": "",
      "msg": "",
      "z2add": "",
      "m2add": "",
      "prizegrades": [
        { "type": 1, "typenum": "153", "typemoney": "5117604" },
        { "type": 2, "typenum": "2295", "typemoney": "9800" },
        { "type": 3, "typenum": "2162", "typemoney": "3000" },
        { "type": 4, "typenum": "76077", "typemoney": "200" },
        { "type": 5, "typenum": "1276540", "typemoney": "10" },
        { "type": 6, "typenum": "8653774", "typemoney": "5" },
        { "type": 7, "typenum": "", "typemoney": "" }
      ]
    },
    {
      "name": "双色球",
      "code": "2019051",
      "detailsLink": "/c/2019-05-05/452398.shtml",
      "videoLink": "/c/2019-05-05/452399.shtml",
      "date": "2019-05-05(日)",
      "week": "日",
      "red": "08,09,10,13,15,28",
      "blue": "09",
      "blue2": "",
      "sales": "371316762",
      "poolmoney": "1229559631",
      "content": "山西1注,内蒙古1注,吉林1注,黑龙江1注,江苏1注,安徽1注,福建1注,重庆1注,河南1注,湖北1注,广东1注,西藏1注,新疆1注,共13注。",
      "addmoney": "",
      "addmoney2": "",
      "msg": "",
      "z2add": "",
      "m2add": "",
      "prizegrades": [
        { "type": 1, "typenum": "13", "typemoney": "5503869" },
        { "type": 2, "typenum": "120", "typemoney": "68232" },
        { "type": 3, "typenum": "3302", "typemoney": "3000" },
        { "type": 4, "typenum": "142819", "typemoney": "200" },
        { "type": 5, "typenum": "2196456", "typemoney": "10" },
        { "type": 6, "typenum": "17751864", "typemoney": "5" },
        { "type": 7, "typenum": "", "typemoney": "" }
      ]
    },
    {
      "name": "双色球",
      "code": "2019050",
      "detailsLink": "/c/2019-05-02/452286.shtml",
      "videoLink": "/c/2019-05-02/452285.shtml",
      "date": "2019-05-02(四)",
      "week": "四",
      "red": "04,06,10,11,21,23",
      "blue": "02",
      "blue2": "",
      "sales": "311858860",
      "poolmoney": "1276546288",
      "content": "辽宁1注,吉林1注,上海1注,安徽1注,河南1注,广东4注,云南1注,深圳3注,共13注。",
      "addmoney": "",
      "addmoney2": "",
      "msg": "",
      "z2add": "",
      "m2add": "",
      "prizegrades": [
        { "type": 1, "typenum": "13", "typemoney": "6136790" },
        { "type": 2, "typenum": "100", "typemoney": "184728" },
        { "type": 3, "typenum": "1227", "typemoney": "3000" },
        { "type": 4, "typenum": "64622", "typemoney": "200" },
        { "type": 5, "typenum": "1200423", "typemoney": "10" },
        { "type": 6, "typenum": "10061963", "typemoney": "5" },
        { "type": 7, "typenum": "", "typemoney": "" }
      ]
    },
    {
      "name": "双色球",
      "code": "2019049",
      "detailsLink": "/c/2019-04-30/452276.shtml",
      "videoLink": "/c/2019-04-30/452275.shtml",
      "date": "2019-04-30(二)",
      "week": "二",
      "red": "03,10,13,22,23,28",
      "blue": "15",
      "blue2": "",
      "sales": "333775314",
      "poolmoney": "1300906020",
      "content": "北京1注,天津1注,黑龙江1注,浙江2注,河南2注,湖北1注,新疆1注,共9注。",
      "addmoney": "",
      "addmoney2": "",
      "msg": "",
      "z2add": "",
      "m2add": "",
      "prizegrades": [
        { "type": 1, "typenum": "9", "typemoney": "6552485" },
        { "type": 2, "typenum": "205", "typemoney": "85197" },
        { "type": 3, "typenum": "2854", "typemoney": "3000" },
        { "type": 4, "typenum": "111093", "typemoney": "200" },
        { "type": 5, "typenum": "1745138", "typemoney": "10" },
        { "type": 6, "typenum": "9091215", "typemoney": "5" },
        { "type": 7, "typenum": "", "typemoney": "" }
      ]
    },
    {
      "name": "双色球",
      "code": "2019048",
      "detailsLink": "/c/2019-04-28/452166.shtml",
      "videoLink": "/c/2019-04-28/452165.shtml",
      "date": "2019-04-28(日)",
      "week": "日",
      "red": "03,07,10,12,18,29",
      "blue": "10",
      "blue2": "",
      "sales": "379210874",
      "poolmoney": "1307482004",
      "content": "河北1注,江苏3注,湖南1注,广东3注,共8注。",
      "addmoney": "",
      "addmoney2": "",
      "msg": "",
      "z2add": "",
      "m2add": "",
      "prizegrades": [
        { "type": 1, "typenum": "8", "typemoney": "7251672" },
        { "type": 2, "typenum": "153", "typemoney": "147168" },
        { "type": 3, "typenum": "2209", "typemoney": "3000" },
        { "type": 4, "typenum": "101803", "typemoney": "200" },
        { "type": 5, "typenum": "1730349", "typemoney": "10" },
        { "type": 6, "typenum": "10291067", "typemoney": "5" },
        { "type": 7, "typenum": "", "typemoney": "" }
      ]
    },
    {
      "name": "双色球",
      "code": "2019047",
      "detailsLink": "/c/2019-04-25/452053.shtml",
      "videoLink": "/c/2019-04-25/452052.shtml",
      "date": "2019-04-25(四)",
      "week": "四",
      "red": "03,11,18,25,30,33",
      "blue": "14",
      "blue2": "",
      "sales": "349665886",
      "poolmoney": "1297945208",
      "content": "广东1注,共1注。",
      "addmoney": "",
      "addmoney2": "",
      "msg": "",
      "z2add": "",
      "m2add": "",
      "prizegrades": [
        { "type": 1, "typenum": "1", "typemoney": "10000000" },
        { "type": 2, "typenum": "388", "typemoney": "69165" },
        { "type": 3, "typenum": "909", "typemoney": "3000" },
        { "type": 4, "typenum": "84327", "typemoney": "200" },
        { "type": 5, "typenum": "1725198", "typemoney": "10" },
        { "type": 6, "typenum": "5429364", "typemoney": "5" },
        { "type": 7, "typenum": "", "typemoney": "" }
      ]
    },
    {
      "name": "双色球",
      "code": "2019046",
      "detailsLink": "/c/2019-04-23/451943.shtml",
      "videoLink": "/c/2019-04-23/451942.shtml",
      "date": "2019-04-23(二)",
      "week": "二",
      "red": "02,12,16,22,25,32",
      "blue": "06",
      "blue2": "",
      "sales": "349236650",
      "poolmoney": "1227436396",
      "content": "天津1注,黑龙江1注,上海5注,浙江1注,山东1注,河南3注,湖北1注,广东2注,海南1注,新疆1注,共17注。",
      "addmoney": "",
      "addmoney2": "",
      "msg": "",
      "z2add": "",
      "m2add": "",
      "prizegrades": [
        { "type": 1, "typenum": "17", "typemoney": "5847483" },
        { "type": 2, "typenum": "132", "typemoney": "136431" },
        { "type": 3, "typenum": "2121", "typemoney": "3000" },
        { "type": 4, "typenum": "81820", "typemoney": "200" },
        { "type": 5, "typenum": "1392213", "typemoney": "10" },
        { "type": 6, "typenum": "12488152", "typemoney": "5" },
        { "type": 7, "typenum": "", "typemoney": "" }
      ]
    },
    {
      "name": "双色球",
      "code": "2019045",
      "detailsLink": "/c/2019-04-21/451833.shtml",
      "videoLink": "/c/2019-04-21/451832.shtml",
      "date": "2019-04-21(日)",
      "week": "日",
      "red": "01,06,17,19,27,31",
      "blue": "14",
      "blue2": "",
      "sales": "380577960",
      "poolmoney": "1272816559",
      "content": "辽宁1注,江苏1注,广东3注,甘肃1注,深圳1注,共7注。",
      "addmoney": "",
      "addmoney2": "",
      "msg": "",
      "z2add": "",
      "m2add": "",
      "prizegrades": [
        { "type": 1, "typenum": "7", "typemoney": "8172099" },
        { "type": 2, "typenum": "83", "typemoney": "334408" },
        { "type": 3, "typenum": "836", "typemoney": "3000" },
        { "type": 4, "typenum": "51802", "typemoney": "200" },
        { "type": 5, "typenum": "1068768", "typemoney": "10" },
        { "type": 6, "typenum": "10380725", "typemoney": "5" },
        { "type": 7, "typenum": "", "typemoney": "" }
      ]
    },
    {
      "name": "双色球",
      "code": "2019044",
      "detailsLink": "/c/2019-04-18/451820.shtml",
      "videoLink": "/c/2019-04-18/451819.shtml",
      "date": "2019-04-18(四)",
      "week": "四",
      "red": "06,14,16,17,23,29",
      "blue": "07",
      "blue2": "",
      "sales": "350579948",
      "poolmoney": "1246753637",
      "content": "天津1注,浙江4注,安徽1注,湖南1注,广东1注,广西1注,宁夏1注,深圳2注,共12注。",
      "addmoney": "",
      "addmoney2": "",
      "msg": "",
      "z2add": "",
      "m2add": "",
      "prizegrades": [
        { "type": 1, "typenum": "12", "typemoney": "5956414" },
        { "type": 2, "typenum": "188", "typemoney": "76309" },
        { "type": 3, "typenum": "2205", "typemoney": "3000" },
        { "type": 4, "typenum": "95733", "typemoney": "200" },
        { "type": 5, "typenum": "1552954", "typemoney": "10" },
        { "type": 6, "typenum": "14621631", "typemoney": "5" },
        { "type": 7, "typenum": "", "typemoney": "" }
      ]
    },
    {
      "name": "双色球",
      "code": "2019043",
      "detailsLink": "/c/2019-04-16/451710.shtml",
      "videoLink": "/c/2019-04-16/451709.shtml",
      "date": "2019-04-16(二)",
      "week": "二",
      "red": "01,06,12,13,24,32",
      "blue": "13",
      "blue2": "",
      "sales": "345296562",
      "poolmoney": "1275191954",
      "content": "山东1注,湖北1注,共2注。",
      "addmoney": "",
      "addmoney2": "",
      "msg": "",
      "z2add": "",
      "m2add": "",
      "prizegrades": [
        { "type": 1, "typenum": "2", "typemoney": "10000000" },
        { "type": 2, "typenum": "99", "typemoney": "249954" },
        { "type": 3, "typenum": "1162", "typemoney": "3000" },
        { "type": 4, "typenum": "57084", "typemoney": "200" },
        { "type": 5, "typenum": "1034128", "typemoney": "10" },
        { "type": 6, "typenum": "8993878", "typemoney": "5" },
        { "type": 7, "typenum": "", "typemoney": "" }
      ]
    },
    {
      "name": "双色球",
      "code": "2019042",
      "detailsLink": "/c/2019-04-14/451600.shtml",
      "videoLink": "/c/2019-04-14/451599.shtml",
      "date": "2019-04-14(日)",
      "week": "日",
      "red": "15,17,19,22,25,26",
      "blue": "04",
      "blue2": "",
      "sales": "376134240",
      "poolmoney": "1220955571",
      "content": "河北1注,山西1注,福建1注,山东1注,共4注。",
      "addmoney": "",
      "addmoney2": "",
      "msg": "",
      "z2add": "",
      "m2add": "",
      "prizegrades": [
        { "type": 1, "typenum": "4", "typemoney": "10000000" },
        { "type": 2, "typenum": "132", "typemoney": "195373" },
        { "type": 3, "typenum": "1226", "typemoney": "3000" },
        { "type": 4, "typenum": "74347", "typemoney": "200" },
        { "type": 5, "typenum": "1495803", "typemoney": "10" },
        { "type": 6, "typenum": "9528585", "typemoney": "5" },
        { "type": 7, "typenum": "", "typemoney": "" }
      ]
    },
    {
      "name": "双色球",
      "code": "2019041",
      "detailsLink": "/c/2019-04-11/451287.shtml",
      "videoLink": "/c/2019-04-11/451286.shtml",
      "date": "2019-04-11(四)",
      "week": "四",
      "red": "02,09,13,23,24,26",
      "blue": "16",
      "blue2": "",
      "sales": "347145834",
      "poolmoney": "1183587505",
      "content": "江西1注,河南1注,共2注。",
      "addmoney": "",
      "addmoney2": "",
      "msg": "",
      "z2add": "",
      "m2add": "",
      "prizegrades": [
        { "type": 1, "typenum": "2", "typemoney": "10000000" },
        { "type": 2, "typenum": "103", "typemoney": "274965" },
        { "type": 3, "typenum": "831", "typemoney": "3000" },
        { "type": 4, "typenum": "47335", "typemoney": "200" },
        { "type": 5, "typenum": "1003320", "typemoney": "10" },
        { "type": 6, "typenum": "6964501", "typemoney": "5" },
        { "type": 7, "typenum": "", "typemoney": "" }
      ]
    },
    {
      "name": "双色球",
      "code": "2019040",
      "detailsLink": "/c/2019-04-09/451277.shtml",
      "videoLink": "/c/2019-04-09/451276.shtml",
      "date": "2019-04-09(二)",
      "week": "二",
      "red": "05,06,09,18,23,31",
      "blue": "11",
      "blue2": "",
      "sales": "335974062",
      "poolmoney": "1118623191",
      "content": "北京2注,黑龙江1注,江西1注,河南2注,广东1注,云南1注,共8注。",
      "addmoney": "",
      "addmoney2": "",
      "msg": "",
      "z2add": "",
      "m2add": "",
      "prizegrades": [
        { "type": 1, "typenum": "8", "typemoney": "6661238" },
        { "type": 2, "typenum": "159", "typemoney": "104480" },
        { "type": 3, "typenum": "2510", "typemoney": "3000" },
        { "type": 4, "typenum": "93201", "typemoney": "200" },
        { "type": 5, "typenum": "1540542", "typemoney": "10" },
        { "type": 6, "typenum": "11320428", "typemoney": "5" },
        { "type": 7, "typenum": "", "typemoney": "" }
      ]
    },
    {
      "name": "双色球",
      "code": "2019039",
      "detailsLink": "/c/2019-04-07/451167.shtml",
      "videoLink": "/c/2019-04-07/451166.shtml",
      "date": "2019-04-07(日)",
      "week": "日",
      "red": "06,07,11,14,27,32",
      "blue": "08",
      "blue2": "",
      "sales": "363128750",
      "poolmoney": "1122075950",
      "content": "江苏3注,浙江5注,广西1注,陕西2注,共11注。",
      "addmoney": "",
      "addmoney2": "",
      "msg": "",
      "z2add": "",
      "m2add": "",
      "prizegrades": [
        { "type": 1, "typenum": "11", "typemoney": "6258711" },
        { "type": 2, "typenum": "136", "typemoney": "127259" },
        { "type": 3, "typenum": "2045", "typemoney": "3000" },
        { "type": 4, "typenum": "89894", "typemoney": "200" },
        { "type": 5, "typenum": "1606282", "typemoney": "10" },
        { "type": 6, "typenum": "13705464", "typemoney": "5" },
        { "type": 7, "typenum": "", "typemoney": "" }
      ]
    },
    {
      "name": "双色球",
      "code": "2019038",
      "detailsLink": "/c/2019-04-04/451153.shtml",
      "videoLink": "/c/2019-04-04/451154.shtml",
      "date": "2019-04-04(四)",
      "week": "四",
      "red": "09,12,21,27,29,30",
      "blue": "05",
      "blue2": "",
      "sales": "335328036",
      "poolmoney": "1138999919",
      "content": "上海1注,浙江2注,重庆1注,湖北1注,四川2注,陕西1注,宁夏2注,共10注。",
      "addmoney": "",
      "addmoney2": "",
      "msg": "",
      "z2add": "",
      "m2add": "",
      "prizegrades": [
        { "type": 1, "typenum": "10", "typemoney": "6243868" },
        { "type": 2, "typenum": "101", "typemoney": "153944" },
        { "type": 3, "typenum": "2137", "typemoney": "3000" },
        { "type": 4, "typenum": "89846", "typemoney": "200" },
        { "type": 5, "typenum": "1485224", "typemoney": "10" },
        { "type": 6, "typenum": "12576975", "typemoney": "5" },
        { "type": 7, "typenum": "", "typemoney": "" }
      ]
    },
    {
      "name": "双色球",
      "code": "2019037",
      "detailsLink": "/c/2019-04-02/451044.shtml",
      "videoLink": "/c/2019-04-02/451043.shtml",
      "date": "2019-04-02(二)",
      "week": "二",
      "red": "01,07,12,14,18,25",
      "blue": "10",
      "blue2": "",
      "sales": "344923376",
      "poolmoney": "1154793537",
      "content": "江苏1注,浙江5注,山东2注,河南1注,广东2注,云南1注,共12注。",
      "addmoney": "",
      "addmoney2": "",
      "msg": "",
      "z2add": "",
      "m2add": "",
      "prizegrades": [
        { "type": 1, "typenum": "12", "typemoney": "6514774" },
        { "type": 2, "typenum": "213", "typemoney": "106674" },
        { "type": 3, "typenum": "1458", "typemoney": "3000" },
        { "type": 4, "typenum": "70399", "typemoney": "200" },
        { "type": 5, "typenum": "1325157", "typemoney": "10" },
        { "type": 6, "typenum": "9284123", "typemoney": "5" },
        { "type": 7, "typenum": "", "typemoney": "" }
      ]
    },
    {
      "name": "双色球",
      "code": "2019036",
      "detailsLink": "/c/2019-03-31/450933.shtml",
      "videoLink": "/c/2019-03-31/450934.shtml",
      "date": "2019-03-31(日)",
      "week": "日",
      "red": "02,10,13,16,23,32",
      "blue": "08",
      "blue2": "",
      "sales": "383547756",
      "poolmoney": "1164805979",
      "content": "天津1注,河北3注,辽宁1注,吉林1注,上海6注,浙江1注,安徽1注,河南2注,湖北1注,湖南2注,广东1注,陕西1注,共21注。",
      "addmoney": "",
      "addmoney2": "",
      "msg": "",
      "z2add": "",
      "m2add": "",
      "prizegrades": [
        { "type": 1, "typenum": "21", "typemoney": "5000000" },
        { "type": 2, "typenum": "85", "typemoney": "6000" },
        { "type": 3, "typenum": "2956", "typemoney": "3000" },
        { "type": 4, "typenum": "117550", "typemoney": "200" },
        { "type": 5, "typenum": "1895239", "typemoney": "10" },
        { "type": 6, "typenum": "28680477", "typemoney": "5" },
        { "type": 7, "typenum": "", "typemoney": "" }
      ]
    },
    {
      "name": "双色球",
      "code": "2019035",
      "detailsLink": "/c/2019-03-28/450821.shtml",
      "videoLink": "/c/2019-03-28/450820.shtml",
      "date": "2019-03-28(四)",
      "week": "四",
      "red": "01,05,07,09,10,20",
      "blue": "16",
      "blue2": "",
      "sales": "354951028",
      "poolmoney": "1269805979",
      "content": "北京2注,河北1注,黑龙江2注,上海1注,江西1注,山东1注,广东1注,广西1注,深圳1注,共11注。",
      "addmoney": "",
      "addmoney2": "",
      "msg": "",
      "z2add": "",
      "m2add": "",
      "prizegrades": [
        { "type": 1, "typenum": "11", "typemoney": "7034000" },
        { "type": 2, "typenum": "233", "typemoney": "120032" },
        { "type": 3, "typenum": "1362", "typemoney": "3000" },
        { "type": 4, "typenum": "75341", "typemoney": "200" },
        { "type": 5, "typenum": "1379602", "typemoney": "10" },
        { "type": 6, "typenum": "5821154", "typemoney": "5" },
        { "type": 7, "typenum": "", "typemoney": "" }
      ]
    },
    {
      "name": "双色球",
      "code": "2019034",
      "detailsLink": "/c/2019-03-26/450711.shtml",
      "videoLink": "/c/2019-03-26/450710.shtml",
      "date": "2019-03-26(二)",
      "week": "二",
      "red": "09,11,15,22,24,26",
      "blue": "03",
      "blue2": "",
      "sales": "354652922",
      "poolmoney": "1263277472",
      "content": "北京1注,河北1注,辽宁3注,上海1注,福建2注,山东1注,河南1注,共10注。",
      "addmoney": "",
      "addmoney2": "",
      "msg": "",
      "z2add": "",
      "m2add": "",
      "prizegrades": [
        { "type": 1, "typenum": "10", "typemoney": "6957743" },
        { "type": 2, "typenum": "103", "typemoney": "237590" },
        { "type": 3, "typenum": "1211", "typemoney": "3000" },
        { "type": 4, "typenum": "63789", "typemoney": "200" },
        { "type": 5, "typenum": "1242428", "typemoney": "10" },
        { "type": 6, "typenum": "9415538", "typemoney": "5" },
        { "type": 7, "typenum": "", "typemoney": "" }
      ]
    }
  ]
}
